3922 6084
680 525 827 574 quaestiones
842 525 1001 574 Terentianae,
1015 525 1045 575 Π,
1059 525 1078 565 t.
1574 506 1611 568 ll
1658 531 1661 540 ’

219 719 647 808 11661666666666611111611
671 717 821 782 studentes
848 719 958 804 abique
1002 694 1333 804 6666116661661166
1367 727 1393 778 et
1430 714 1614 786 Chremes

220 830 368 896 dedimus.
397 828 442 890 At
465 823 656 888 contrariam
684 821 751 886 fere
783 822 972 886 sententiam
1005 819 1174 907 amplexus
1199 819 1541 906 e1·atBentleius,qui
1573 840 1614 880 ex

221 912 451 1022 quinquaqinta
481 951 539 992 sex
569 928 654 1006 locis,
686 925 802 1010 quibus
838 924 1016 990 Chremetis
1052 925 1219 990 vocativus
1256 927 1287 988 in
1322 924 1463 990 Terentii
1496 922 1612 1007 tabulis

222 1040 359 1124 scriptus
383 1044 441 1116 est,
464 1031 581 1098 tribue:
603 1029 734 1098 16111111.
752 1053 782 1094 v.
801 1029 865 1096 535
888 1029 964 1114 (lll,
981 1033 1010 1112 3,
1029 1031 1083 1114 29)
1108 1029 1217 1096 61143
1240 1015 1359 1116 (ime,
1376 1028 1419 1113 h),
1436 1027 1612 1091 Η661.1116.

225 1141 306 1208 1052
342 1139 396 1222 (V,
429 1139 501 1218 5,ss
534 1137 580 1214 in¹
600 1135 706 1200 medio
740 1133 787 1220 v.)
820 1131 973 1198 Chremes
1007 1143 1185 1221 receperat.
1223 1133 1472 1199 Fleclreisenum
1508 1140 1613 1196 autem

222 1269 294 1311 curn
318 1253 446 1332 praeter
469 1239 763 1328 Umpienbaclrium
786 1238 849 1304 Gn.
867 1238 1012 1324 Wagner
1035 1247 1067 1302 et
1089 1238 1240 1326 Spengel.
1255 1238 1281 1278 ¹⁵
1302 1239 1403 1304 secuti
1427 1237 1488 1302 sint
1510 1259 1614 1324 neque
1701 1313 1704 1318 Α

224 1351 338 1416 denen
361 1347 551 1414 Terentiano
575 1354 631 1410 aut
651 1343 844 1410 Ritschelius
867 1344 898 1406 in
921 1343 1065 1430 prolegg.
1093 1367 1125 1430 p.
1149 1363 1309 1414 Lxxxvu.
1333 1345 1504 1431 quicquam
1524 1364 1614 1427 prae·

225 1455 347 1541 ceperit
378 1462 433 1516 aut
454 1452 546 1516 Neue
569 1451 600 1513 in
624 1469 758 1540 gramm.
781 1448 853 1513 Lat.
878 1448 914 1531 1.,
938 1471 968 1534 p.
994 1449 1058 1514 296
1081 1449 1261 1512 accuratius
1286 1449 1396 1534 egerit,
1418 1471 1482 1518 non
1505 1445 1614 1512 inutile

226 1562 266 1622 eit
289 1558 439 1640 omnibus
461 1555 602 1620 Terentii
624 1553 711 1632 locis,
728 1552 860 1638 quihus
884 1561 1039 1639 speciant,
1062 1553 1250 1618 collectisin
1273 1541 1344 1617 eam
1361 1575 1428 1618 rem
1444 1553 1614 1639 inquirere.

223 1664 306 1728 Nam
336 1662 475 1748 primum
509 1659 574 1722 Ios.
605 1659 739 1722 Krauss.
777 1657 809 1721 in
842 1658 1082 1742 quaestionibus
1112 1658 1187 1724 Ter.
1219 1660 1336 1723 criticis
1367 1657 1614 1744 haudquaquam

224 1769 364 1832 omnium
381 1765 526 1830 locorum
541 1762 696 1830 rationem
711 1761 823 1826 habuit
839 1772 872 1826 et
886 1772 997 1850 aperte
1012 1763 1131 1826 1616161
1155 1763 1199 1848 (p.
1219 1763 1273 1848 32)
1290 1785 1354 1830 666
1369 1772 1435 1826 1616
1451 1773 1539 1826 66116
1556 1762 1616 1826 61111

222 1881 371 1936 66661616
394 1869 433 1932 de
458 1869 517 1931 hac
542 1868 727 1953 quaestione
743 1876 792 1930 sat
806 1867 967 1953 impedita,
991 1875 1026 1932 nt
1043 1869 1146 1931 sintne
1161 1867 1270 1932 Lache
1288 1877 1318 1932 et
1334 1867 1472 1931 Chreme
1495 1867 1616 1931 formae

226 1976 353 2039 6616166
368 1971 555 2059 repudiatae
570 1973 602 2034 iu
618 1970 725 2035 medio
741 1995 847 2052 versu,
865 1995 904 2034 an
923 1971 1047 2057 syllaba
1069 1973 1174 2058 priore
1198 1980 1293 2038 acuta
1316 1971 1449 2057 (Lache,
1466 1970 1616 2055 Chreme)

224 2081 391 2162 admissae,
409 2067 527 2141 audeat
537 2085 684 2140 statuere
701 2076 931 2159 confidentium
948 2076 1040 2140 huius
1055 2099 1132 2141 sane
1148 2079 1306 2142 sententia
1321 2078 1380 2140 nisi
1397 2076 1616 2162 compluribus

224 2187 302 2250 locis
332 2184 462 2246 mutatis
494 2203 558 2246 666
588 2182 707 2267 poterit
737 2179 877 2265 probari.
912 2181 1039 2244 Deinde
1069 2181 1229 2245 Dniatzko
1263 2183 1310 2266 (in
1340 2181 1469 2246 Phorm.
1502 2179 1553 2244 ed.
1586 2203 1617 2266 p.

227 2289 303 2375 105)
328 2287 533 2352 ethicissner
561 2285 606 2372 (in
637 2285 737 2350 Andr.
763 2285 813 2350 ed.
838 2308 869 2370 p.
897 2285 980 2365 115),
1013 2287 1072 2348 6161
1102 2295 1188 2350 16616
1220 2285 1428 2350 (1611666611
1460 2285 1618 2350 iudicasse

223 2396 382 2470 videntur,
401 2403 516 2473 tamen,
534 2390 620 2476 quod
637 2389 723 2454 soles
739 2389 941 2454 Plrormionis
964 2398 996 2453 et
1010 2391 1153 2455 Andriae
1176 2395 1390 2477 respexerunt
1411 2391 1509 2472 locos,
1534 2397 1617 2452 cete-

224 2521 331 2562 rarum
361 2497 541 2560 fabularum
566 2518 629 2560 666
660 2497 746 2578 11661,
770 2495 852 2558 hane
876 2497 1095 2581 quaestionem
1120 2519 1183 2560 uon
1203 2496 1419 2562 absolverunt.

354 2601 421 2667 Sed
443 2602 506 2664 iam
530 2591 700 2682 ordiamur.
726 2599 834 2686 Atque
857 2622 899 2662 ex
922 2599 1068 2664 omnibus
1099 2599 1280 2664 nominibus
1312 2601 1449 2686 propriis
1473 2600 1618 2678 Graecis,

225 2730 308 2793 quae
331 2705 419 2792 apud
442 2706 626 2770 Terentium
655 2705 686 2766 in
710 2715 757 2766 «es
780 2701 937 2789 syllabam
962 2713 1081 2770 exeunt
1105 2703 1377 2791 (Archidemides,
1407 2704 1619 2784 Archonidas,

225 2811 461 2892 Callidemides,
486 2810 650 2890 Chremes,
676 2809 843 2892 Hercules,
868 2809 1003 2890 Laches,
1020 2809 1257 2895 1166661666)
1280 2819 1408 2896 praeter
1426 2809 1569 2874 Chremes
1589 2819 1621 2871 et

226 2919 343 2981 Laches
366 2916 488 2979 nullum
519 2916 551 2978 in
574 2915 724 2979 vocativo
754 2937 832 2978 casu
855 2915 1024 2979 invenitur.
1056 2914 1290 2979 Percommode
1314 2937 1390 2978 vero
1414 2913 1509 2990 cadit,
1535 2913 1620 3000 quod

224 3021 264 3083 de
287 3020 400 3084 iisdem
422 3019 532 3082 16111116
553 3041 651 3106 grave
667 3019 882 3083 testimonium
899 3019 1054 3082 Prisciani
1070 3019 1094 3100 l,
1117 3043 1149 3104 p.
1165 3021 1227 3084 288
1252 3025 1399 3106 superest
1430 3017 1505 3081 ‘Nec
1527 3018 1622 3082 selum

223 3150 257 3190 m
279 3126 336 3204 his,
360 3149 438 3210 qnae
459 3135 531 3188 sant
551 3126 682 3210 primae,
715 3125 767 3186 sed
789 3126 882 3186 611616
904 3127 937 3187 in
961 3125 1032 3202 illis,
1057 3149 1136 3210 qaae
1158 3127 1274 3206 tertiae,
1306 3125 1340 3188 id
1362 3125 1461 3187 estin
1483 3121 1621 3186 crinibus

229 3229 357 3294 Graecis
380 3250 410 3292 es
427 3230 581 3315 prodacta
594 3229 708 3310 fluitis,
739 3228 883 3292 similiter
905 3229 1023 3292 incenis
1046 3232 1216 3294 6666116616
1246 3232 1280 3292 in
1312 3229 1529 3313 eprodnetom
1546 3251 1620 3312 pro-

217 3336 316 3418 ferri,
340 3343 375 3397 61
393 3333 557 3411 Chreme,
574 3333 708 3412 Lache,
733 3329 896 3398 Achille'.
921 3331 963 3393 itt
987 3331 1088 3396 tribus
1111 3332 1189 3396 locis
1204 3332 1414 3414 Terentianis,
1439 3331 1564 3395 dnobus
1580 3352 1621 3392 ex

225 3436 327 3503 Andr.
346 3438 439 3524 (550,
463 3437 525 3502 868
556 3435 707 3523 Chreme)
743 3444 840 3520 atque
874 3457 936 3499 uno
969 3459 1011 3500 ex
1042 3437 1124 3501 Hec.
1158 3437 1235 3524 (633
1265 3437 1400 3523 Lache),
1432 3444 1464 3500 61
1494 3435 1621 3500 duobus

226 3543 392 3608 cauum
428 3541 611 3627 (1161161
646 3543 719 3623 ses,
752 3540 1089 3627 mirreorum)
1123 3544 1301 3629 exscripta,
1334 3544 1380 3607 ra
1409 3543 1513 3628 paga
1546 3521 1622 3604 66

225 3651 348 3726 mirrea,
379 3671 447 3712 6616
474 3645 661 3711 Graecorum
691 3669 809 3732 quoqne
834 3658 944 3733 poetae
966 3648 1107 3711 similiter
1128 3650 1327 3713 inveniantur
1344 3648 1513 3734 protulisse
1535 3669 1620 3710 6666-

223 3757 302 3818 tivos
324 3756 357 3818 in
380 3776 481 3840 snpra
502 3753 585 3816 diets
607 3752 838 3816 terminatione’.
862 3751 914 3816 De
938 3735 1031 3816 huius
1054 3752 1115 3816 1661
1138 3754 1328 3816 auctoritate
1350 3751 1425 3816 nihil
1444 3749 1621 3815 detrahitur

227 3857 362 3921 Charisii
386 3857 425 3943 (l,
453 3854 504 3939 14)
536 3855 644 3920 verbis
670 3855 880 3920 ‘Nomioetieo
902 3857 1059 3942 6111661611
1079 3861 1113 3922 16
1136 3882 1166 3923 es
1189 3861 1331 3924 6166611116
1354 3858 1479 3922 eundem
1492 3859 1622 3940 feciimt

226 3964 448 4026 nominativum
479 3971 505 4024 et
535 3962 715 4040 6666116616,
746 3959 827 4024 celat
858 3963 916 4024 hie
938 3961 1121 4026 Hercules
1143 3987 1160 4027 6
1183 3961 1376 4043 Hercules',
1408 3961 1620 4047 quibuscum

227 4087 303 4128 suae
327 4065 440 4128 aetatis
463 4063 645 4126 hominibus
661 4073 869 4150 praecepium
893 4045 1050 4128 scribendi
1077 4064 1202 4129 dedisse
1219 4073 1363 4152 apparet.
1387 4065 1513 4130 Etenim
1530 4064 1622 4128 aliter

228 4167 283 4232 illa
314 4169 342 4230 si
371 4166 590 4248 intellexisset,
619 4167 743 4248 eodem,
774 4189 836 4253 qno
869 4191 946 4232 usus
979 4178 1036 4251 est,
1068 4169 1215 4256 exemplo
1250 4170 1507 4254 redargueretur,
1546 4169 1622 4233 nihil

228 4295 301 4336 cum
317 4271 446 4352 hercule,
461 4295 507 4336 me
524 4271 652 4353 hercule,
669 4271 932 4347 1161616116166616Ι
955 4274 1246 4338 6666166116116611.
1271 4275 1355 4339 Tum
1378 4274 1466 4339 nulla
1488 4295 1620 4360 prorsus

229 4386 277 4442 eet
306 4378 385 4441 ratio
408 4377 546 4441 vocativi
576 4378 695 4441 formas
722 4360 856 4445 Chremd
879 4388 910 4441 et
932 4378 1033 4444 Lache
1062 4379 1211 4444 Terentio
1243 4379 1436 4458 abiudicare,
1470 4381 1619 4466 qnoniam

226 4485 257 4547 in
281 4482 395 4546 ceteris
419 4479 548 4568 quoqne
572 4483 699 4547 casibus
722 4482 805 4546 illius
829 4482 987 4548 substant.
1011 4483 1100 4570 (nam
1125 4483 1275 4547 Lachetis
1298 4506 1415 4549 nornen
1437 4485 1470 4547 in
1494 4483 1621 4548 casibus

229 4587 365 4674 obliquis
389 4585 476 4672 apud
499 4587 572 4652 Ter.
591 4586 695 4674 deest)
720 4588 771 4651 hic
795 4589 920 4652 variare
945 4588 1026 4652 solet
1048 4590 1186 4672 formas3
1210 4587 1296 4674 apud
1313 4611 1407 4675 quem
1425 4589 1455 4652 in
1472 4589 1621 4672 genetivo

226 4715 289 4756 nen
314 4692 415 4757 solum
442 4689 607 4758 Chremetis
630 4691 747 4778 (Andr.
772 4691 858 4778 247),
892 4692 948 4756 sed
981 4693 1076 4756 etiam
1103 4693 1228 4776 Chremi
1258 4693 1373 4778 (Andr.
1399 4692 1622 4780 3616116116

227 4798 409 4864 accusativo
434 4805 562 4884 praeter
587 4796 772 4863 Chremetem
795 4795 909 4883 (Andr.
934 4797 1098 4879 4121133)
1124 4798 1218 4864 6116111
1245 4797 1392 4866 Chremen
1416 4796 1530 4883 (Andr.
1549 4798 1620 4874 361,

332 4989 361 5054 ¹³)
382 4990 452 5054 qnod
469 4968 597 5040 in'Andr.
617 4991 679 5040 edit.
702 5007 727 5041 v,
747 4992 804 5052 550,
825 4992 881 5053 oet,
901 4992 951 5040 574
973 4989 1084 5042 Chreme
1098 4990 1210 5040 formam
1229 5000 1262 5040 ex
1286 4991 1422 5040 codicibus
1441 4993 1550 5057 recepit,
1575 4994 1622 5040 im-

227 5074 1620 5144 pmmmwwpffihffimmmmfflmmmmmmm-Qdmmmmmffl

230 5162 302 5228 apud
321 5163 435 5213 Nauium
464 5167 484 5227 1,
503 5169 553 5217 295
577 5182 591 5215 6
616 5167 697 5216 variis
723 5167 894 5231 scriptoribus
923 5170 1058 5230 congesta.
1082 5194 1114 5203 -
1142 5167 1171 5231 Π)
1204 5163 1321 5217 Cincaris
1346 5167 1539 5232 Umplenbach.
1568 5167 1621 5216 fide

227 5239 734 5316 06111611.6161166611661116611161616
760 5253 832 5304 nisus
851 5254 957 5318 scripsit
984 5258 1078 5304 contra
1096 5256 1192 5306 testim.
1213 5259 1328 5319 excerpt.
1354 5253 1433 5309 Char.
1452 5271 1477 5324 p.
1498 5256 1547 5304 542
1568 5253 1619 5326 (T.)

227 5343 254 5387 ei
272 5337 341 5387 Don.
