3922 6084
295 525 316 592 6
739 533 742 541 “
798 536 948 584 Quaestionem
963 506 1152 586 Terentianum,
1167 535 1185 576 t.

197 736 285 846 ἷὴθέἓζ
364 839 383 903 b
470 730 500 799 2.
519 711 635 796 'Venio
664 729 706 794 ad
737 728 873 796 alterum
906 727 1024 808 locum,
1058 725 1220 792 Phorm.
1252 751 1283 792 v.
1316 727 1388 806 863,
1428 729 1483 810 qui
1520 734 1556 790 ut
1594 726 1690 810 vulgo

298 841 361 904 scri
385 839 449 902 itur

431 941 494 1006 Ubi
514 943 548 1006 in
565 961 749 1028 pyrraecenm
770 940 818 1002 irc
840 937 965 1024 occipio,
984 960 1068 1022 puer
1091 936 1133 1000 ad
1154 960 1202 999 nee
1223 937 1364 1000 adcurrit
1386 935 1488 1018 Mida,

425 1045 509 1110 Pone
532 1042 745 1130 adprehendit
763 1040 875 1128 pallio,
897 1042 1081 1126 resupinat:
1103 1041 1243 1126 respicio,
1268 1063 1349 1127 roqo,

321 1231 324 1238 ι
432 1148 534 1224 Quam
555 1148 591 1212 oh
614 1171 677 1212 rem
698 1148 827 1212 retineat
848 1169 894 1208 me

296 1278 360 1321 non
383 1261 491 1342 potest
513 1252 596 1316 anmi
622 1274 665 1316 ex
686 1257 777 1337 perte
803 1249 881 1312 mihi
896 1247 1037 1335 placere.
1060 1247 1120 1312 Est
1135 1257 1241 1313 autem
1258 1245 1521 1336 adprehendendi
1543 1248 1692 1333 verbum,

297 1382 371 1446 quo,
388 1357 676 1445 quotienscumque
691 1354 777 1418 hunc
792 1375 921 1418 versum
937 1352 1011 1438 legi,
1028 1351 1168 1426 offensus
1185 1377 1266 1420 sum.
1290 1351 1386 1435 Nam,
1403 1361 1438 1416 ut
1454 1351 1588 1435 mittam,
1604 1353 1691 1419 nullo

296 1463 357 1528 alio
381 1463 453 1528 loco
475 1483 581 1547 neque
605 1459 693 1546 apud
715 1459 900 1525 Terentium
922 1479 1038 1543 neque,
1070 1455 1157 1544 quod
1186 1458 1296 1538 sciam,
1330 1455 1419 1544 apud
1441 1455 1592 1521 Plautum
1630 1456 1692 1522 hoc

297 1567 433 1632 verbum
456 1567 576 1640 iterari,
598 1564 662 1628 alia
683 1562 833 1645 formula,
867 1584 931 1650 qua
954 1549 1025 1649 quis
1048 1566 1080 1627 in
1104 1561 1209 1628 eundo
1243 1560 1296 1626 vel
1326 1560 1529 1648 properando
1560 1561 1690 1626 retineri

298 1671 507 1755 significatur,
537 1667 720 1736 fabularum
752 1667 893 1734 sermoni
924 1675 974 1731 est
1002 1667 1149 1752 propria3
1187 1690 1271 1756 quae
1303 1667 1508 1754 cognoscitur
1538 1688 1581 1730 ex
1610 1665 1690 1732 locis

297 1775 364 1841 his:
380 1775 468 1843 Trin.
484 1797 516 1841 v.
532 1773 595 1840 624
611 1775 661 1839 ille
674 1772 870 1861 reprehendit
885 1774 964 1836 haria
973 1773 1112 1858 priorem
1123 1772 1244 1858 pallio;
1260 1773 1326 1837 Mil.
1343 1771 1386 1856 gl.
1404 1772 1446 1835 60
1465 1770 1535 1855 (56)
1550 1769 1597 1834 uel
1609 1770 1691 1850 illae,

296 1904 378 1967 quae
398 1881 468 1944 heri
484 1878 583 1966 pallio
604 1903 652 1943 me
672 1875 951 1965 reprehendemur&
987 1873 1084 1960 Epid.
1108 1875 1133 1956 l,
1161 1881 1187 1958 l,
1211 1879 1238 1959 1,
1261 1875 1319 1958 al.;
1354 1876 1439 1940 idem
1471 1874 1558 1938 valet
1587 1873 1691 1938 solum

296 1981 516 2072 reprehendere
537 1982 569 2046 in
591 1980 710 2048 Pseud.
733 2005 764 2046 v.
784 1981 847 2046 249
869 1982 1057 2068 reprehende
1079 1981 1246 2046 hominem:
1269 1983 1443 2067 adsequar.
1467 1978 1572 2064 Magis
1595 1980 1691 2043 etiam

296 2089 328 2151 in
352 2086 486 2150 dubium
509 2095 645 2150 vocatur
667 2085 819 2151 usitatum
842 2082 1104 2171 adprehendendi
1137 2086 1273 2150 verbum
1307 2085 1462 2156 librorum
1496 2106 1573 2150 mss,
1604 2086 1710 2174 testi-y

298 2191 429 2273 moniis}
460 2188 665 2277 Calliapinnis
698 2190 781 2255 enim
814 2187 979 2254 codicibus
1009 2189 1127 2272 nititur,
1167 2211 1240 2254 cum
1270 2190 1418 2256 Bembini
1453 2190 1558 2276 prima
1595 2211 1691 2252 rnanu

298 2295 506 2366 confirmetur
527 2293 731 2382 reprehendit.
755 2293 828 2358 Hoc
850 2293 985 2364 verbum
1009 2315 1105 2358 manu
1129 2295 1250 2358 recenti
1273 2293 1363 2381 (XV.
1385 2291 1520 2380 saeculi)
1543 2292 1692 2356 Bembini

299 2409 331 2465 et
353 2401 384 2464 in
410 2398 557 2485 Calliopii
578 2397 667 2462 libris
690 2421 766 2463 mss.
799 2397 913 2463 eadem
937 2395 977 2462 de
1009 2421 1106 2464 causa
1139 2408 1294 2465 mutatum
1331 2407 1389 2479 est,
1428 2421 1493 2485 qua
1525 2398 1558 2460 in
1591 2397 1691 2484 Andr.

298 2528 329 2570 v.
355 2506 418 2570 353
438 2504 653 2591 prehendendi
672 2504 807 2568 verbum
824 2501 976 2588 simplex,
1000 2503 1084 2589 quod
1108 2505 1139 2568 in
1164 2502 1328 2568 codicibus
1349 2501 1395 2573 C¹
1414 2505 1450 2572 G
1474 2511 1506 2564 ct
1528 2524 1548 2565 a
1562 2501 1690 2566 Donato

296 2617 462 2676 servatum
484 2610 546 2672 ism
570 2605 693 2672 dudum
717 2607 758 2672 ab
782 2607 966 2672 editoribus
981 2617 1030 2672 est
1044 2618 1221 2694 receptum,
1244 2611 1277 2673 in
1300 2611 1415 2673 ceteris
1432 2605 1579 2692 Calliopii
1602 2604 1689 2668 libris

295 2737 371 2780 mse.
396 2711 607 2799 depravatum
633 2716 735 2776 estin
758 2713 1057 2799 adprehendendum.
1087 2712 1186 2778 Cuius
1211 2715 1393 2778 mutationis
1416 2713 1506 2794 origo
1529 2707 1622 2773 nobis
1645 2731 1688 2771 ex

297 2817 455 2884 simillimo
481 2817 563 2897 loco,
586 2817 686 2883 Haut.
709 2817 775 2882 tim.
798 2840 830 2884 v.
854 2817 927 2898 509,
965 2817 1135 2882 manifesta
1172 2817 1217 2899 fit,
1255 2819 1311 2883 ubi
1347 2816 1496 2881 Bembini
1532 2814 1691 2898 scriptura

409 2965 413 2977 ·
483 2966 487 2977 ·
529 2923 631 3008 Syrus
653 2933 696 2987 est
711 2921 947 3009 prehendendum
969 2933 1060 3012 atquc
1081 2924 1293 2990 adhortandas
1315 2925 1401 3002 ntihi,

297 3026 457 3114 quomodo
479 3028 515 3092 in.
536 3026 672 3113 Calliop.
696 3025 843 3092 codicum
867 3026 1035 3091 lectionem

497 3133 599 3220 Syrus
622 3143 666 3197 est
687 3131 979 3218 adprehendendus
1002 3143 1091 3218 atque
1114 3134 1329 3198 adhortandus
1349 3135 1428 3196 mihi
1581 3199 1585 3206 ι

297 3236 423 3315 abierit,
446 3236 541 3301 facile
564 3237 757 3320 intellegitur
780 3259 823 3301 ex
844 3236 995 3301 Bembini
1017 3235 1156 3318 scholiis,
1190 3237 1222 3300 in
1246 3235 1362 3322 quibus
1386 3236 1535 3300 adhunc
1560 3257 1690 3299 versum

297 3340 450 3405 adnotata
486 3339 622 3426 legimus
655 3340 907 3428 prehendendus]
944 3342 1025 3429 deest
1062 3339 1133 3420 ‘ad’,
1171 3343 1224 3405 sed
1260 3343 1327 3406 ideo
1360 3343 1580 3428 praetermisit,
1618 3343 1693 3425 quia
1736 3401 1740 3408 .

298 3448 440 3512 dicturus
462 3458 530 3538 erat
552 3448 799 3512 ‘adhortandus'.
836 3446 1008 3532 Antiquior
1037 3445 1162 3509 scilicet
1193 3454 1225 3509 et
1251 3444 1509 3531 reprehendendi
1543 3447 1629 3508 notio
1662 3453 1707 3522 et,

297 3548 519 3636 prehendendi
534 3548 638 3614 forma
659 3573 679 3614 a
700 3550 913 3636 posteriorum
938 3558 1119 3635 temporum
1142 3571 1202 3614 usu
1226 3547 1348 3612 alienae
1370 3547 1562 3634 plerumque
1578 3547 1692 3634 pulsae

298 3663 372 3718 sunt
407 3652 613 3718 usitatissimo
637 3651 899 3740 adprehendendi
922 3653 1032 3733 verbo,
1069 3652 1158 3739 quod
1180 3653 1318 3740 primum
1341 3647 1570 3738 interpretandi
1593 3671 1693 3714 causa

298 3779 396 3844 supra
420 3780 547 3823 versum
563 3757 615 3822 vel
630 3758 661 3822 in
678 3758 821 3843 margine
836 3757 1008 3842 ascriptum
1024 3765 1091 3821 tum
1108 3759 1140 3821 in
1155 3757 1225 3844 ipsa
1238 3764 1354 3842 poetae
1369 3754 1471 3819 verba
1485 3752 1692 3820 inferebatur.

421 3862 497 3952 ‚Iam
521 3860 779 3948 reprehendendi
802 3861 902 3927 verbo
925 3869 1057 3948 recepto
1081 3883 1178 3949 quam
1202 3859 1373 3924 artificiose
1396 3868 1428 3922 et
1451 3866 1585 3923 venuste
1607 3857 1693 3922 hunc

297 3965 403 4031 locum
427 3965 653 4032 allitteraticne
674 3966 846 4032 Terentius
869 3968 1081 4048 exornaverit,
1106 3965 1216 4030 videas
1240 3985 1359 4051 quaeso
1391 3995 1395 4004 ·

958 4094 1042 4158 puer
1065 4071 1108 4136 ad
1128 4095 1174 4135 me
1197 4070 1337 4136 meruit
1357 4069 1460 4148 Mida,

527 4177 611 4240 Pone
632 4175 865 4262 repre(he)ndit
884 4175 991 4262 pallio,
1014 4178 1196 4262 resupinat:
1219 4176 1358 4262 respicio,
1382 4197 1464 4261 ropo,

535 4279 637 4355 Quam
658 4282 694 4345 oh
710 4304 773 4345 rem
794 4282 925 4344 retineat
947 4305 1004 4344 me.

429 4402 482 4467 lta
504 4400 720 4488 pulcherrime
743 4403 851 4466 omnia
880 4401 1011 4466 alterius
1042 4423 1155 4465 versus
1178 4397 1339 4466 vocabula
1361 4398 1558 4486 singularum
1583 4421 1693 4463 conso-

298 4508 443 4571 nantium
464 4505 515 4571 vel
540 4504 735 4591 syllabarum
752 4506 930 4591 primarum
955 4514 1114 4570 concentu
1136 4505 1218 4569 inter
1233 4526 1269 4568 se
1284 4513 1465 4570 nectuntur.
1489 4505 1610 4589 Aperte
1633 4501 1693 4565 hoc

299 4611 371 4676 loco
389 4610 463 4679 Ter.
480 4635 515 4676 re
531 4608 676 4696 syllabae
699 4610 888 4695 repetitione
910 4608 1002 4692 ludit,
1027 4631 1122 4694 quam
1146 4609 1343 4693 gravissimis
1368 4609 1477 4673 verbis
1499 4607 1693 4694 praeposuit.

304 4714 451 4780 Eandem
475 4713 631 4801 syllabam
648 4735 744 4801 quum
761 4713 899 4779 libenter
914 4713 956 4778 ad
972 4711 1229 4778 allittsrationem'
1244 4710 1447 4778 efficiendam
1461 4711 1514 4776 hic
1531 4711 1694 4796 ceterique

301 4819 474 4905 scriptores
497 4820 592 4906 prisci
616 4817 832 4901 adhibuerint,
868 4839 909 4882 ex
932 4817 1040 4882 talium
1066 4815 1288 4903 exemplorum
1316 4818 1410 4903 copia
1424 4816 1628 4901 intellegitur,
1653 4839 1695 4880 cx

302 4946 368 5012 qua
389 4941 496 5009 pauca
519 4924 667 5010 profero:
703 4922 751 4988 Pl.
775 4922 864 4988 Triu.
890 4924 974 4988 1015
995 4925 1094 5008 recipe
1116 4933 1143 4985 te
1173 4932 1201 4986 et
1222 4945 1346 4986 recurre
1370 4931 1476 5008 petae
1504 4944 1538 4984 re
1564 4923 1694 5001 recenti;

300 5029 423 5092 Bacch.
448 5029 511 5104 633
533 5029 661 5115 reppuli
680 5031 831 5114 reiecique
852 5030 1021 5108 hoocinem;
1045 5027 1118 5091 Ter.
1135 5026 1235 5093 Haut.
1252 5027 1319 5092 tim.
1336 5027 1399 5090 946
1422 5026 1488 5088 eins
1504 5026 1641 5088 animum
1656 5063 1692 5073 -

299 5133 471 5213 retundam,
494 5133 651 5218 redipam,·
674 5132 757 5199 Eun.
776 5134 838 5198 746
860 5134 989 5197 reddere
1003 5156 1038 5197 ac
1053 5134 1209 5196 restituere
1214 5155 1229 5212 ,·
1251 5129 1391 5216 Adelph.
1408 5130 1470 5195 307
1494 5153 1587 5215 neque
1608 5129 1695 5194 illum

299 5238 511 5302 mira·icor·dia
528 5240 673 5323 repressit
687 5261 782 5324 neque
796 5237 934 5322 reflecte,-
958 5234 1062 5303 Lucil.
1079 5237 1143 5301 566
1160 5235 1248 5322 (La.)
1263 5233 1379 5300 redisse
1400 5259 1438 5300 ac
1460 5234 1627 5320 repedasse,
1653 5231 1692 5298 al.

267 5391 272 5404 .
299 5340 460 5428 Denique,
487 5363 527 5407 ne
559 5341 630 5428 quis
650 5342 742 5408 -forte
773 5341 805 5407 iu
834 5339 1010 5408 vocabulis·
1033 5365 1114 5429 poue
1146 5347 1178 5406 et
1199 5341 1394 5426 reprehendit
1416 5340 1531 5406 iunctis
1554 5337 1695 5420 haereat,
