3922 6084
760 505 910 556 Quaestionem
925 503 1082 555 Terentianae,
1096 504 1114 554 1,
1129 503 1149 553 ³,
1163 504 1181 544 t
1644 487 1661 550 ἵ

269 701 379 766 adfero
395 699 442 764 Pl.
461 701 558 765 Poen.
575 699 640 763 480
655 696 756 762 verba
774 722 854 784 pone
876 721 929 763 noe
951 697 1063 777 recede,
1088 695 1280 784 quibuscum
1303 706 1384 760 retro
1406 695 1525 760 rellicta
1547 692 1664 780 (Lucii.

270 807 358 892 940),
378 827 588 894 perpepetue
611 803 672 890 (Pr.
697 802 782 868 Trin.
810 803 881 886 162,
904 802 979 868 Ter.
1002 799 1102 869 Haut.
1127 801 1193 866 tim.
1218 801 1295 886 346)
1319 800 1498 888 comparari
1521 809 1664 886 possunt.

401 1029 431 1100 3.
454 1031 538 1096 Tum
552 1029 701 1095 Bembini
723 1029 890 1094 lectionem
908 1029 939 1092 in
955 1027 1103 1115 Hecyr.
1125 1051 1156 1094 v.
1174 1029 1236 1094 363
1258 1027 1334 1092 item
1358 1027 1399 1092 ab
1423 1027 1571 1092 omnibus
1594 1027 1662 1094 fere
1677 1009 1758 1118 ῗθζζζ

273 1138 451 1204 editoribus
473 1145 612 1224 spretam
637 1135 771 1198 usitatae
794 1133 1009 1223 praetulerim.
1056 1132 1153 1215 Quod
1184 1131 1300 1219 quibus
1324 1130 1365 1197 de
1388 1133 1493 1198 causis
1517 1141 1665 1217 statuam,

273 1267 346 1308 cum
370 1243 433 1308 Gu.
459 1241 604 1327 Wagner
624 1240 708 1306 banc
740 1241 943 1328 scripturam,
982 1262 1079 1326 quam
1111 1238 1198 1304 solus
1228 1239 1360 1325 recepit,
1398 1237 1537 1326 probare
1570 1239 1666 1325 plane
1771 1258 1781 1320 j

274 1349 424 1428 omiserit,
440 1344 628 1413 brevissime
652 1367 814 1433 exponere
830 1367 873 1410 ex
894 1367 955 1409 usu
971 1345 1021 1411 sit.
1045 1344 1117 1425 Quo
1132 1346 1163 1410 in
1180 1343 1293 1410 codice
1308 1343 1485 1408 secundum
1501 1343 1665 1424 Poliziani,

276 1475 372 1540 quam
387 1449 530 1538 Wagner
546 1452 700 1537 seqnitur,
718 1449 920 1516 collationem
934 1449 1114 1536 Pamphilo,
1131 1449 1186 1536 qui
1202 1450 1404 1514 exanimatus
1420 1472 1463 1514 ex
1478 1448 1664 1537 Myrrhinae

273 1551 408 1622 aedibus
431 1558 621 1644 prorumpit,
637 1553 841 1620 haec'verba
864 1554 1047 1620 tribuuntur

459 1679 586 1766 Nequeo
607 1701 747 1744 erearum
769 1701 873 1743 rerem
894 1678 1016 1743 initium
1040 1675 1137 1743 nilum
1159 1681 1294 1743 invenire
1316 1679 1465 1758 idoneum,

466 1803 549 1867 Unde
572 1801 751 1886 escer(d)ier
770 1824 914 1881 narrare,
938 1823 1016 1885 qnae
1038 1802 1235 1886 necopineuti
1255 1802 1412 1866 accident:

460 1925 583 1988 Partim
604 1946 682 2008 quae
700 1923 850 2010 perspecti
870 1923 920 1986 bis
944 1921 1047 2000 emtis,
1067 1924 1188 2008 partim
1206 1925 1357 2010 percepi
1377 1924 1516 1989 acerbus.

406 2047 455 2110 Ac
487 2066 601 2110 revera
619 2046 747 2130 percepi
766 2043 799 2108 in
822 2042 883 2106 boc
906 2041 1018 2107 codice
1041 2051 1168 2108 exstare
1193 2042 1468 2131 Umpfenbachius
1491 2045 1668 2127 confirmat,

217 2132 220 2140 ¹
276 2153 333 2216 sed
357 2175 433 2215 num
457 2171 632 2236 pronomen
656 2172 735 2236 quae
757 2157 830 2212 ante
853 2146 916 2212 hoc
940 2146 1075 2212 verbum
1098 2149 1247 2213 iteratum
1281 2148 1408 2233 legatur
1440 2150 1528 2214 utin
1552 2148 1666 2214 Callio-

274 2259 378 2344 pianis
402 2279 488 2336 mss,
526 2277 663 2341 quorum
694 2253 864 2317 lectionem
890 2255 1011 2339 partim
1040 2277 1121 2342 pene
1144 2257 1249 2339 accepi
1270 2255 1401 2318 auribus
1423 2255 1492 2341 ipse
1515 2256 1668 2342 sequitur,

275 2385 340 2426 non
362 2359 463 2424 addit.
502 2357 623 2424 Verum
657 2367 735 2440 esto,
766 2357 827 2432 hoc,
861 2378 1038 2443 pronomen
1071 2359 1102 2422 in
1138 2355 1295 2421 Bembino
1333 2358 1365 2421 in
1403 2357 1502 2423 altero
1541 2381 1669 2445 quoque

277 2465 420 2528 membro
443 2465 598 2551 scriptum
622 2464 670 2544 sit,
706 2484 769 2526 non
793 2463 900 2526 statim
935 2461 1018 2526 haec
1040 2463 1136 2527 lectio
1159 2461 1242 2545 ideo,
1266 2462 1353 2550 quod
1375 2471 1477 2526 metro
1501 2473 1669 2549 repugnat,

277 2568 446 2633 abicienda
468 2565 623 2632 etfacilis
645 2567 700 2631 illa
722 2566 919 2652 reliquorum
944 2567 1091 2631 codicum
1114 2588 1194 2632 vera
1215 2565 1366 2630 habenda
1388 2567 1457 2631 erit.
1496 2567 1533 2631 ln
1567 2566 1669 2634 altero

278 2676 359 2737 enim
384 2672 530 2736 membro
553 2663 728 2757 pronomen
761 2670 930 2738 relativum
962 2692 1025 2734 non
1059 2671 1162 2756 magis
1193 2671 1406 2757 repetendum
1441 2693 1512 2735 esse
1544 2671 1671 2736 videtur

277 2801 373 2865 quam
398 2777 681 2842 demonstrativum
706 2778 757 2840 bie
779 2774 977 2841 substantivo
1001 2776 1132 2840 auribus
1146 2774 1341 2842 addendum.
1375 2775 1491 2840 Nonne
1510 2775 1669 2841 simillimo

276 2883 372 2947 modo
396 2864 430 2946 in'
453 2879 597 2946 eiusdem
619 2879 750 2945 fabulae
773 2879 855 2968 prol.
879 2879 969 2946 alter.
1001 2902 1032 2946 v.
1058 2882 1098 2944 15
1122 2881 1171 2966 (7)
1195 2881 1391 2966 pronominis
1429 2879 1671 2946 demonstrativi

276 2988 454 3070 genetivus,
490 2987 545 3072 qui
569 3008 612 3050 ex
634 2987 750 3073 partim
774 2983 928 3073 pendet⁶‚
963 2985 994 3048 in
1024 2982 1126 3050 altero
1157 2984 1302 3050 membro
1335 2984 1551 3051 subauditur?
1590 2985 1672 3051 Sunt

276 3099 384 3154 autem
407 3090 510 3155 verba
531 3089 613 3154 haec

500 3212 538 3277 In
561 3215 605 3276 eie
628 3209 782 3296 (fabulis),
806 3235 884 3296 pens
904 3214 1042 3296 primum
1067 3210 1183 3276 Caecili
1202 3212 1301 3276 didici
1321 3235 1427 3292 noves,

503 3317 626 3380 Partim
647 3339 716 3378 scen
738 3339 845 3380 earnem
867 3326 1002 3396 exactae,
1015 3303 1141 3404 ⁴partim
1160 3318 1214 3380 viee
1235 3317 1313 3380 steti.

405 3437 516 3519 Quare
538 3434 591 3500 illo
615 3435 765 3522 Hecyrae
793 3435 868 3501 ¹loco
890 3458 1068 3523 pronomen
1091 3435 1262 3502 relativum
1285 3459 1348 3502 non
1372 3462 1391 3503 a
1414 3440 1564 3506 Terentio
1589 3443 1670 3526 ipso,

275 3543 332 3608 sed
356 3566 375 3605 a
397 3542 574 3628 posteriore
595 3541 737 3629 quodam
760 3543 971 3626 grammatico
996 3541 1145 3630 (fortasse
1168 3542 1372 3629 aOalliopio)
1395 3545 1576 3632 profectum
1600 3569 1671 3610 esse

273 3657 362 3734 puto,
387 3649 440 3734 qui
463 3647 534 3730 hoc,
558 3645 776 3712 membrorum
800 3648 1042 3712 convenientiae
1064 3647 1155 3712 nimis
1172 3645 1350 3731 studiosus,
1366 3650 1399 3712 in
1412 3649 1553 3714 alterum
1570 3673 1667 3714 mem·

273 3753 368 3828 brum
391 3751 531 3816 intulerit
553 3773 655 3838 eoque
678 3750 764 3815 illato
789 3760 924 3815 metrum
949 3751 1070 3816 laesum
1093 3753 1137 3815 ita
1160 3747 1342 3832 restituerit,
1359 3761 1395 3818 ut
1412 3753 1558 3840 capiendi
1584 3777 1669 3820 com-

272 3859 411 3944 positum
434 3855 571 3921 avocati
594 3856 746 3941 incipiens
770 3856 902 3945 (accepi)
926 3879 984 3942 pro
1007 3857 1215 3943 percipiendo
1239 3857 1402 3922 scriberet.
1442 3861 1571 3947 Percepi
1591 3882 1668 3923 vero

272 3963 444 4047 genuinum
469 3983 538 4026 esse
562 3962 717 4043 existimo,
741 3983 805 4026 non
828 3961 942 4042 solnm,
959 3961 1048 4046 quod
1063 3961 1156 4026 huius
1169 3960 1260 4027 verbi
1274 3963 1323 4026 vis
1338 3963 1515 4048 accipiendi
1538 3965 1669 4028 notione

274 4066 374 4130 multo
388 4066 518 4150 gravior
541 4075 573 4129 et
587 4066 692 4151 aptior
715 4074 773 4149 est,
797 4065 855 4129 sed
878 4067 983 4149 etiam,
1008 4063 1095 4152 quod
1111 4087 1149 4129 eo
1165 4074 1297 4152 recepto
1314 4067 1450 4132 verbum
1466 4090 1540 4132 cum
1556 4068 1670 4133 eadem

245 4188 247 4196 ’
275 4172 510 4258 praepositione
533 4171 744 4258 compositum
769 4179 866 4258 atque
888 4172 920 4235 in
942 4171 1049 4256 priore
1065 4169 1210 4235 membro
1228 4179 1333 4236 exstat
1353 4172 1529 4262 (pe-epm)
1553 4174 1671 4261 optime

274 4275 446 4361 reponitur.

1683 4465 1769 4516 Phorm.

404 4484 437 4554 4.
461 4485 586 4550 Deinde
611 4485 811 4551 consentiunt
834 4507 944 4549 omnes
968 4484 1096 4550 codices
1118 4485 1149 4550 in
1165 4485 1324 4556 Phorm.
1347 4511 1378 4552 v.
1403 4489 1444 4552 82
1466 4488 1575 4552 verbis
1590 4492 1670 4554 baec
1697 4545 1760 4584 W·

272 4615 395 4658 encore
417 4593 512 4678 coepit
530 4591 660 4678 perdite,
684 4612 789 4676 neque
811 4588 918 4672 lectio,
943 4612 1039 4676 quam
1062 4589 1209 4655 Donatus
1229 4591 1346 4656 ‚adfert
1375 4594 1531 4678 perditus,
1563 4594 1669 4678 magni

272 4697 422 4760 momenti
446 4705 503 4779 est,
528 4697 604 4781 quia
626 4695 678 4758 hic
700 4717 776 4759 usus
800 4693 949 4759 adiectivi
965 4717 1039 4759 cum
1059 4695 1167 4760 verbis
1184 4694 1368 4760 adfectuum
1387 4698 1485 4761 iuncti
1501 4697 1670 4761 Plautinus

272 4803 496 4887 potiusquam
520 4800 729 4865 Terentianus
753 4799 816 4863 est⁷
839 4809 870 4864 et
893 4801 1051 4886 scriptura
1073 4801 1143 4886 ipsa
1172 4823 1192 4864 a
1215 4800 1359 4866 Charisio
1383 4826 1414 4887 p.
1439 4803 1512 4882 213,
1549 4804 1588 4866 16
1611 4802 1668 4864 im-

272 4903 435 4989 probatur,
460 4905 514 4993 qui
540 4907 662 4992 perdite
691 4927 750 4991 pro
781 4905 869 4970 vaide
898 4903 1121 4990 accipiendum
1146 4927 1216 4969 esse
1239 4904 1344 4984 docet.
1370 4906 1529 4970 Graviora
1561 4914 1669 4970 autern

274 5029 343 5070 esse
374 5007 491 5091 iudico,
524 5031 608 5096 quae
637 5009 723 5091 idem
755 5009 920 5074 Charisius
951 5009 1024 5073 huic
1052 5010 1308 5095 interpretationi
1338 5009 1502 5096 subiungit
1526 5035 1599 5079 nam
1622 5013 1669 5074 ite

273 5169 477 5180 ...Ἣ

375 5234 396 5300 ⁸)
415 5233 448 5284 de
466 5252 519 5301 qus
537 5253 565 5287 re
584 5240 640 5304 egit
658 5239 762 5289 Gellius
774 5241 802 5288 in
820 5239 897 5290 Nost.
911 5241 965 5292 nu.
977 5241 1010 5303 X,
1031 5243 1075 5303 133
1095 5239 1127 5290 cf.
1150 5239 1206 5290 Cic.
1218 5240 1296 5292 Tusc.
1315 5239 1347 5301 V,
1369 5242 1408 5300 13,
1422 5241 1463 5291 38.
1477 5267 1509 5276 -
1523 5239 1543 5306 ⁷)
1558 5255 1583 5288 v.
1598 5239 1666 5290 stud.

271 5321 389 5373 Plautin.
408 5321 441 5373 ab
461 5321 492 5374 0.
504 5323 641 5389 ¹Seyfferto
660 5341 684 5379 a.
704 5328 771 5377 1874
788 5326 876 5378 Berol.
896 5327 958 5382 edit.
978 5345 1003 5394 p.
1022 5329 1038 5378 8
1057 5343 1095 5392 sq.
1114 5327 1217 5393 (Progr.
1237 5326 1284 5378 des
1303 5327 1548 5398 Sophien-Gymn.).
