3922 6084
654 1662 1168 1932 rsonuqonsnn

490 2027 857 2184 hunrocus
831 2028 1167 2156 lllRllN'llil
1172 2029 1339 2157 Non

786 2375 1043 2385 -n--ss--w———v-

346 2567 427 2659 (lum
470 2620 554 2683 quae
592 2595 684 2660 nobis
723 2597 929 2680 tragicorum,
974 2597 1179 2678 comicorum,
1218 2595 1451 2677 historicorum,
1484 2594 1615 2660 Catonis

221 2705 363 2786 (praeter
386 2700 504 2764 librum
528 2703 567 2765 de
591 2724 626 2764 rc
649 2701 793 2783 rustica),
828 2699 943 2764 Lucilii
974 2701 1155 2784 fragmenta
1186 2709 1313 2764 servata
1336 2707 1409 2762 sunt
1432 2698 1614 2781 Ribbeckii,

220 2807 338 2886 Peteri,
362 2806 501 2884 lordaui,
518 2806 558 2870 L.
573 2805 730 2886 Muelleri,
748 2805 888 2868 Harderi
905 2827 1003 2890 opera
1019 2787 1180 2868 indicibus
1196 2805 1445 2868 accuratissimis
1462 2805 1616 2868 instructa

220 2913 290 2990 sint,
322 2911 464 2973 Plauti
495 2919 535 2974 et
569 2909 766 2974 Terentii
798 2909 986 2972 comoediae
1017 2907 1173 2972 similibus
1207 2907 1249 2972 ad
1280 2907 1365 2972 hunc
1394 2908 1477 2972 diem
1506 2920 1616 2974 carent

221 3011 425 3076 adiumentis.
455 3013 614 3099 Namque,
638 3023 673 3077 ut
696 3011 771 3076 nihil
797 3013 899 3076 diuam
925 3013 964 3076 de
986 3014 1080 3078 Parei
1105 3011 1304 3098 aliorumque
1327 3011 1496 3096 indicibus,
1516 3006 1615 3107 'quos

220 3118 385 3182 Plautinos
409 3120 581 3198 nominant,
607 3119 724 3204 quibus
744 3127 934 3204 quaerentes
959 3120 1059 3204 magis
1083 3117 1274 3182 deseruntur
1291 3141 1388 3204 quam
1412 3117 1617 3200 adiuvantur,

222 3223 258 3287 O.
275 3221 318 3288 H.
335 3222 449 3286 Weisii
471 3221 623 3302 lexicon¹,
661 3231 888 3308 pwaeerquam
921 3221 1008 3308 quod
1041 3231 1115 3286 ante
1083 3223 1204 3286 tlros
1229 3221 1442 3310 quadraginta
1466 3233 1617 3309 quattuol

224 3349 323 3390 annos
347 3326 412 3390 edit
399 3335 466 3390 tum
491 3325 582 3390 huius
607 3328 701 3388 aetat
681 3335 718 3388 tis
742 3326 853 3389 studiis
876 3326 1031 3388 Plautinis
1058 3349 1120 3399 non
1144 3328 1207 3389 iam
1231 3349 1268 3390 su
1271 3327 1360 3410 ffieit,
1396 3325 1435 3392 ab
1460 3327 1616 3392 exhausta

222 3432 359 3495 Plautini
393 3431 547 3494 sermonis
584 3429 714 3494 uberatt
669 3439 732 3494 tate
770 3408 955 3514 longissime
985 3429 1086 3496 abest.
1128 3431 1189 3494 His
1220 3431 1339 3496 similes
1370 3441 1443 3495 sunt
1431 3433 1615 3496 Terentii

222 3534 356 3617 indices,
373 3533 483 3621 quales
498 3534 737 3620 Brpontmaee
725 3534 791 3600 tn
810 3535 851 3600 H.
869 3535 1084 3599 Westeihovn
1099 3535 1165 3600 edr
1166 3536 1292 3600 rombus
1309 3534 1516 3600 additisunt
1487 3545 1616 3620 t,non-

220 3639 316 3704 nullis
349 3641 432 3704 enim
472 3639 553 3704 loeis
587 3638 850 3704 memorabilibus
891 3641 1127 3704 continentu1·.'
1155 3640 1270 3726 Neque
1305 3642 1401 3704 totius
1435 3641 1616 3706 Latinitatis

224 3744 339 3826 loxica,
371 3767 453 3829 quae
475 3743 573 3829 vulgo
598 3745 718 3830 optima
741 3745 934 3826 existimant,
971 3767 1129 3808 summam
1161 3747 1315 3809 sermonis
1345 3747 1459 3810 comici
1491 3747 1617 3831 copiam

224 3857 318 3930 atque
343 3848 384 3911 ab
401 3850 540 3934 optimae
556 3849 668 3913 aetatis
685 3871 744 3913 usu
760 3849 835 3912 satis
853 3846 1012 3912 diversam
1030 3849 1211 3936 complecti,
1236 3850 1307 3935 quis
1324 3859 1372 3914 est
1390 3851 1445 3936 qui
1461 3849 1619 3914 miretur?

223 3951 331 4031 Quare
356 3961 510 4038 quantum
534 3952 742 4018 emolumenti
773 3954 965 4040 scriptorum
997 3952 1104 4018 loxica
1134 3954 1297 4042 specialia,
1336 3978 1419 4040 quae
1449 3964 1618 4035 vocantur,

221 4057 332 4118 studiis
355 4058 492 4142 antiquis
517 4055 706 4139 attulissent,
732 4081 804 4122 oum
828 4057 1058 4144 intellegerem,
1092 4081 1156 4122 non
1179 4059 1298 4122 frustra
1321 4081 1372 4122 me
1395 4058 1615 4123 laboraturum

223 4162 344 4244 putavi,
381 4161 407 4224 si
430 4160 560 4223 alterius
583 4159 697 4224 horum
721 4163 914 4248 scriptorum
938 4161 1065 4226 dicendi
1088 4186 1181 4227 usum
1206 4162 1376 4228 collectum
1402 4162 1616 4248 digessissem.

223 4263 332 4349 Atque
355 4272 460 4328 utrum
486 4264 635 4348 eligerem
661 4280 723 4342 non
748 4265 801 4329 diu
824 4267 966 4330 incertus
989 4268 1050 4348 l'ui;
1075 4268 1191 4330 etenim
1216 4276 1247 4330 et
1270 4267 1374 4332 studio
1399 4289 1471 4331 mco
1495 4275 1527 4331 et
1549 4269 1618 4332 aliis

222 4367 307 4432 haud
332 4367 456 4432 levibus
482 4370 587 4434 causis
610 4368 652 4432 ad
675 4370 859 4434 Terentium
889 4370 972 4436 latus
1005 4395 1086 4438 sum.
1125 4373 1269 4436 Primum
1301 4371 1430 4458 quidem
1462 4375 1618 4452 sermonis

221 4473 406 4536 Terentiani
430 4471 587 4558 elegantia
619 4473 694 4538 mihi
729 4477 831 4560 magis
862 4475 1043 4557 arridebat;
1082 4485 1149 4539 tum
1182 4475 1401 4542 Plautinarum
1436 4476 1618 4541 fabularum

222 4600 375 4641 numerus
397 4599 456 4663 pro
489 4581 568 4642 meis
598 4579 720 4643 viribus
752 4580 854 4644 maior
885 4601 955 4644 esse
986 4580 1175 4664 videbatur3
1216 4581 1363 4668 denique,
1397 4583 1471 4646 cum
1504 4581 1618 4644 harum

223 4679 443 4768 compluribus
475 4692 563 4746 certa
595 4707 612 4747 o
643 4707 678 4747 re
711 4685 822 4749 critica
852 4684 1060 4749 fundamenta
1092 4685 1197 4751 adimo
1222 4687 1380 4769 deessent,
1418 4686 1618 4750 Terentianis

224 4785 399 4850 comoediis
423 4785 505 4851 haec
527 4789 612 4855 iacta
635 4811 704 4852 esse
736 4789 962 4873 intellegebam
994 4790 1055 4854 Fr.
1079 4790 1415 4881 Umpfenbachii
1447 4790 1617 4871 editione2,

225 4891 256 4952 in
280 4913 344 4974 qua
366 4913 429 4954 non
453 4891 556 4956 solum
581 4892 702 4956 codicis
738 4893 886 4958 Bembiui
920 4895 1097 4980 scripturae
1128 4897 1367 4960 accuratissime
1398 4917 1556 4960 excussae
1587 4904 1619 4958 et

223 4993 485 5075 gravissimorum
500 4995 649 5084 Calliopii
663 4997 815 5061 librorum
833 5019 906 5063 mss.
924 4998 1077 5063 lectiones
1093 4999 1245 5085 prolatae,
1260 4999 1423 5066 sedetiam
1440 4999 1619 5064 testimonia

223 5085 370 5160 veterum
393 5103 677 5182 grammaticorum
702 5100 868 5187 diligenter
891 5104 1043 5168 adnotata
1067 5113 1148 5169 suut.

243 5303 247 5314 .
325 5273 346 5334 1)
372 5274 567 5343 Quodlinburgi
592 5283 619 5328 at
643 5277 754 5342 Lipsiae
780 5279 929 5343 sumptibus
956 5278 987 5332 G.
1011 5279 1101 5330 Bassii
1132 5296 1157 5332 a.
1186 5278 1252 5332 1838
1278 5279 1387 5330 editum.
1419 5307 1451 5318 -
1480 5278 1500 5344 ²)
1525 5275 1614 5332 Berol.

223 5360 294 5426 apud
312 5360 481 5414 Weidmann.
503 5380 528 5414 a.
549 5367 623 5416 1870.
