3922 6084
674 472 832 524 Prolegomena
847 473 876 514 ad
890 471 978 512 lexicon
993 471 1157 512 Terentianum.
1570 446 1611 515 29

216 664 321 752 colligi
344 664 471 750 poterit,
510 661 658 728 Bombiui
681 662 782 730 verba
805 673 897 728 erunt
926 630 1141 752 praeferenda
1171 662 1233 745 vel,
1270 662 1296 726 si
1328 661 1360 726 in
1392 661 1429 724 iis
1461 659 1610 746 peccavit

215 768 372 852 librarius,
397 777 489 832 caute
513 777 728 856 accurateque
748 768 954 834 emendanda
966 768 986 836 ⁷.

346 875 455 958 Atque
478 874 538 936 hae
563 872 690 960 quidem
717 896 834 938 causae
857 882 939 955 sunt,
964 896 1021 939 cur
1045 872 1296 960 Umpfenbaohii
1319 871 1417 936 solius
1438 871 1608 934 editionem

216 980 306 1064 sequi
344 977 509 1060 noluerim,
539 977 595 1041 sed
628 1000 851 1064 quascumque
874 957 1028 1042 editiodes
1053 987 1085 1043 et
1107 978 1334 1064 disputationes
1358 976 1493 1042 alicuius
1516 975 1609 1062 pretii

216 1082 348 1170 adipisci
379 1084 469 1170 potui
491 1083 522 1146 in
545 1104 637 1146 usum
662 1083 856 1148 vocaverim.
881 1082 1083 1148 Vetustiores
1109 1082 1274 1165 editiones,
1310 1103 1390 1168 quas
1423 1080 1552 1166 quidem
1577 1081 1608 1142 in

216 1199 364 1252 notarum
387 1187 492 1252 indice
516 1187 644 1272 protuli,
667 1186 869 1271 gravioribus
885 1188 1084 1273 potissimum
1102 1186 1180 1251 locis
1198 1187 1417 1273 inspiciebam,
1442 1185 1609 1269 diligenter

216 1290 452 1356 autemRich.
471 1291 684 1374 Bentlei⁸,
709 1278 1127 1375 Alfr.Flackeiseni,
1145 1291 1216 1356 Gn.
1235 1291 1446 1375 Wagneri,
1469 1311 1608 1354 recen·
1701 1372 1703 1380 Α

213 1399 363 1462 tiorum
376 1445 384 1477 ,
409 1397 488 1481 quo‘s
505 1399 762 1478 commemoravi,
787 1397 942 1462 editiones
965 1397 1195 1484 perquirendas
1213 1419 1297 1461 csse
1321 1397 1439 1462 censui.
1467 1394 1532 1460 Ubi
1555 1405 1610 1460 aut

216 1501 246 1563 hi
273 1499 411 1565 editores
434 1510 489 1564 aut
511 1501 586 1564 libri
616 1525 690 1568 mss.
726 1503 848 1566 maiore
883 1503 917 1566 in
946 1525 981 1566 re
1013 1501 1255 1584 dissentiebant,
1288 1523 1355 1588 ¹non
1393 1501 1488 1566 modo
1526 1523 1609 1587 quae

217 1604 347 1688 siugulis
372 1605 562 1669 lectionibus
587 1604 732 1670 ecdicum
751 1607 925 1671 auctoritas
950 1615 1034 1670 esset
1056 1605 1266 1692 inquirebam,
1290 1606 1461 1671 sedetiam
1485 1614 1608 1670 ceteras

215 1709 355 1773 rationes
378 1711 446 1773 sive
469 1711 693 1794 grammaticas
717 1711 784 1776 sive
806 1711 956 1776 metricas
979 1720 1011 1776 et
1045 1711 1206 1797 reliquum
1242 1711 1424 1776 Terentiani
1456 1714 1609 1802 sermonis

217 1835 309 1876 usum
333 1813 583 1899 perpendebam,
612 1815 799 1901 priusquam
823 1815 879 1881 uui
901 1815 1033 1882 alterive
1050 1818 1226 1882 sententiae
1250 1839 1302 1881 me
1324 1816 1520 1902 applicarem
1544 1825 1608 1898 aut,

216 1915 304 2000 quod
327 1939 399 1981 raro
423 1919 544 1982 factum
568 1928 626 2003 est,
649 1923 718 2008 ipse
741 1943 857 1986 novam
882 1923 1070 1986 sententiam
1090 1922 1233 2009 prolerre
1250 1921 1413 1986 auderem.
1439 1919 1608 2000 Quotiens-

214 2041 353 2109 cumque
376 2046 427 2088 res
450 2024 592 2089 nondum
615 2025 657 2088 ad
680 2025 835 2112 liquidum
859 2027 1016 2112 perducta
1037 2029 1108 2092 visa
1128 2035 1186 2110 est,
1209 2025 1312 2091 rerba
1328 2024 1446 2090 tradita
1462 2024 1609 2092 divinatis

211 2128 441 2194 anteferebam.
466 2129 541 2211 Sed,
557 2154 596 2195 ne
620 2132 651 2195 in
674 2140 763 2196 tanta
784 2133 817 2196 vi
833 2133 992 2196 variarum
1008 2131 1180 2196 lectionum
1197 2132 1403 2217 maximaque
1420 2130 1609 2194 difficultate

212 2255 291 2297 vera
321 2257 340 2296 a
373 2233 470 2318 falsie,
507 2235 724 2321 probabiliora
753 2259 773 2301 a
799 2237 903 2302 minus
937 2236 1161 2323 probabilibus
1196 2235 1397 2300 discernendi
1428 2236 1555 2321 saepius
1578 2235 1608 2298 in

214 2357 357 2402 errorem
388 2339 537 2404 inductus
561 2339 760 2405 librariorum
795 2340 847 2408 vel
885 2342 1041 2406 editorum
1081 2341 1131 2405 vel
1154 2343 1217 2406 mei
1239 2342 1337 2428 ipsius
1361 2341 1525 2427 opiniones
1548 2362 1607 2425 pro

211 2440 412 2506 Terentianis
435 2445 632 2512 venditarem
657 2455 763 2532 atque,
801 2455 838 2510 ut
868 2445 961 2510 simul
992 2447 1173 2532 uuicuique
1195 2446 1365 2530 legentium
1399 2447 1492 2531 copia
1523 2454 1609 2508 esset

214 2545 254 2610 de
278 2549 436 2633 scriptura
459 2560 591 2636 recepta
613 2551 681 2614 sine
703 2549 769 2614 ullo
801 2550 912 2616 labore
935 2550 1107 2634 iudicandi,
1139 2546 1396 2636 discrepantibus
1418 2550 1608 2620 lectionibus

211 2653 474 2718 testimonia
508 2655 721 2736 codicum,
757 2654 1109 2737 scholiastarum,
1143 2664 1342 2720 veterum
1366 2657 1607 2748 grammati-

212 2777 369 2839 corum,
394 2758 611 2842 editorum,
643 2760 778 2824 aliorum
802 2761 991 2826 virorum
1016 2761 1238 2824 doctorum
1262 2759 1424 2824 addere
1448 2761 1607 2826 constitui.

212 2860 257 2922 At
294 2862 325 2924 in
366 2861 545 2946 largissima
589 2866 750 2931 variarum
796 2865 1028 2951 scripturarum
1075 2866 1168 2951 copia
1212 2864 1327 2928 modus
1372 2865 1485 2950 aliquis
1531 2864 1608 2928 milii

212 2963 412 3029 adhibendus
444 2975 520 3030 erat.
561 2968 669 3049 Quare
706 2971 845 3055 primum
869 2971 1018 3034 brevitati
1050 2971 1096 3032 ita
1133 2967 1249 3050 studui,
1281 2979 1325 3050 ut,
1357 2969 1413 3032 ubi
1444 2968 1483 3032 ad
1516 2969 1611 3054 plura

212 3067 344 3132 alicuius
380 3068 442 3133 loci
464 3071 565 3136 verba
588 3072 821 3159 discrepantiae
845 3076 1010 3158 graviores
1035 3073 1213 3153 exstabant,
1252 3095 1307 3136 cas
1331 3073 1425 3156 solas,
1461 3095 1543 3159 quae
1568 3072 1610 3136 ad

214 3173 408 3238 vccabulum
440 3175 555 3259 ipsum,
595 3179 686 3240 cuius
725 3201 826 3242 causa
869 3187 955 3242 totus
991 3179 1082 3241 locus
1121 3177 1234 3240 allatus
1273 3186 1350 3260 erat,
1396 3179 1609 3265 pertinebant,

213 3287 363 3343 accurate
395 3278 591 3362 adnotarem,
630 3289 808 3345 ceterorum
848 3294 954 3346 autern
986 3281 1169 3364 verborum,
1207 3284 1267 3347 nisi
1304 3285 1402 3348 artius
1441 3305 1513 3347 cum
1555 3281 1608 3345 illo

213 3380 438 3464 cohaerebant,
473 3383 596 3448 variam
629 3384 797 3450 lectionem
821 3386 873 3451 vel
896 3388 1019 3452 varium
1043 3387 1187 3450 ordinem
1212 3388 1363 3476 appositis
1387 3390 1484 3473 signis
1509 3387 1550 3476 [ν’.
1575 3389 1607 3476 l]

213 3489 232 3554 i.
249 3511 276 3554 e.
292 3490 408 3553 varia
423 3488 555 3554 lectio
579 3500 634 3554 aut
659 3489 699 3578 [v.
723 3489 763 3579 o]
788 3492 806 3554 i.
826 3515 852 3558 e.
876 3493 1022 3557 varius
1045 3491 1145 3557 ordo
1168 3493 1353 3557 indicarem.
1371 3493 1462 3556 Hace
1479 3516 1608 3580 quoque

213 3594 412 3679 omittebam,
450 3618 522 3660 curn
559 3595 699 3680 singulas
736 3596 858 3660 litteras
891 3597 943 3662 vel
977 3605 1044 3662 tota
1078 3599 1180 3662 verba
1207 3620 1249 3662 ex
1273 3599 1465 3662 coniecturis
1489 3599 1609 3684 scripta

212 3719 411 3784 receperam.
450 3701 501 3764 Ad
540 3700 599 3764 lios
638 3701 728 3766 locos
763 3702 959 3768 denotandas
997 3725 1071 3768 cum
1109 3703 1250 3769 omniurn
1288 3705 1356 3768 fere
1393 3703 1608 3768 recentiorum

213 3803 370 3870 editorum
397 3807 661 3874 consuetudinem
698 3817 829 3872 secutus
862 3808 984 3873 litteras
1026 3808 1174 3894 obliquas
1212 3805 1413 3872 adhibendas
1451 3829 1607 3889 curarem,

212 3908 268 3972 illa
322 3912 413 3996 signa
463 3912 583 3977 addere
640 3935 917 4000 supervacaneum
972 3913 1152 3978 videbatur.
1209 3913 1260 3976 Ita
1308 3922 1364 3977 aut
1419 3912 1469 3976 his
1524 3913 1607 3976 notis

213 4016 369 4098 appositis
407 4025 462 4079 aut
496 4016 609 4082 litteris
647 4018 776 4106 oblique
813 4018 973 4105 expressis
1011 4017 1154 4101 legentes
1192 4039 1256 4080 non
1291 4017 1395 4082 solum
1422 4017 1464 4081 ad
1489 4017 1606 4081 discre-

214 4119 354 4203 pantiam
393 4129 573 4187 exstantem
611 4132 748 4188 attentos
786 4125 904 4206 facere,
941 4123 999 4188 sed
1038 4124 1143 4206 etiam,
1182 4124 1207 4185 si
1248 4121 1303 4206 qui
1338 4121 1371 4184 in
1398 4122 1557 4207 scriptura
1588 4145 1608 4186 a

318 4313 337 4380 ⁷)
357 4311 424 4366 haec
439 4335 440 4340 ¹
454 4314 559 4381 Sydow.
589 4314 652 4366 ibid.
683 4331 708 4381 p.
728 4317 761 4366 65
792 4331 831 4382 sq.
851 4316 1000 4368 luculenter
1031 4316 1162 4380 exposuit.
1181 4342 1214 4353 ·-
1233 4313 1254 4381 8)
1284 4312 1364 4364 huius
1382 4315 1442 4378 viri,
1471 4315 1517 4380 qui
1535 4320 1606 4364 recte

214 4398 332 4452 Terentii
352 4403 520 4455 Aristarchus
539 4408 699 4468 nominatur,
718 4403 849 4470 plurimae
867 4405 998 4458 lectiones
1018 4410 1044 4453 et
1063 4403 1232 4454 coniecturae
1251 4403 1426 4478 dignissimae
1446 4409 1517 4465 sunt,
1537 4418 1606 4467 quae

212 4494 408 4552 pernoscantur
425 4497 506 4557 atque
524 4495 696 4558 recipiantur.
714 4495 774 4544 Etsi
793 4493 949 4561 plerumque
968 4497 1077 4562 ingenio
1096 4496 1175 4545 nimis
1194 4494 1309 4547 indulsit
1328 4500 1355 4544 et
1369 4494 1505 4544 codicibus
1519 4495 1607 4544 minus

214 4581 338 4626 accurate
357 4593 422 4628 usus
442 4583 490 4641 est,
508 4583 607 4647 tamen,
626 4595 686 4630 cum
705 4581 746 4647 (ut
765 4580 796 4631 G.
816 4583 963 4632 Hermanni
982 4584 1072 4633 verbis
1091 4583 1160 4650 utar)
1191 4586 1219 4633 tn
1237 4600 1265 4635 re
1283 4585 1388 4634 metrico
1405 4598 1473 4632 coco
1491 4583 1607 4646 rralllqoe

212 4667 310 4714 tentata
327 4667 371 4715 oio
389 4666 426 4715 od
442 4669 573 4718 ceritatem
586 4672 738 4732 pecccare
756 4675 779 4720 et
796 4672 824 4719 tu
843 4669 1020 4722 emendatione
1033 4677 1178 4735 poetaram,
1207 4673 1282 4721 ettam
1300 4671 1342 4720 abi
1361 4678 1438 4731 errat,
1456 4673 1485 4720 tn
1503 4670 1605 4721 demon·

212 4750 321 4802 stranda
339 4751 551 4818 defendendoque
569 4757 759 4806 contentiosae
776 4757 989 4818 admirabilem,
1009 4757 1108 4808 multas
1127 4772 1233 4823 quoque
1254 4759 1402 4806 sententias
1423 4758 1487 4818 eius,
1507 4772 1606 4822 quasa

212 4836 348 4904 plerisque
367 4841 515 4892 editoribus
534 4857 587 4892 non
606 4841 759 4907 probantur,
779 4843 963 4894 memorabiles
983 4859 1043 4894 esse
1062 4845 1150 4908 credo,
1169 4844 1326 4909 praesertim
1345 4859 1405 4893 oum
1424 4845 1517 4894 barum
1537 4845 1605 4894 alias

214 4926 365 4978 aLuchrio
385 4935 412 4978 et
438 4929 591 4995 Bragmano
618 4933 647 4980 in
666 4932 868 4994 quaestionibus
887 4933 973 4982 bonae
991 4932 1075 4998 frugis
1103 4932 1199 4997 plenis,
1227 4945 1294 4996 quas
1326 4930 1457 4981 derebus
1488 4934 1605 4982 metricis

215 5013 395 5079 coniecerunt,
414 5017 501 5066 denuo
515 5016 722 5080 commendatas,
743 5019 836 5068 aliasa
854 5020 1006 5069 novissimis
1019 5019 1169 5068 fabularum
1190 5019 1335 5069 editoribus
1354 5019 1477 5068 defensas
1490 5021 1605 5070 videam.

214 5097 269 5148 Eas
287 5103 359 5151 solas
378 5103 411 5153 ab
431 5104 517 5154 indice
537 5105 647 5167 exclusi,
666 5121 736 5170 quae
756 5123 815 5156 curn
827 5108 932 5174 legibus
951 5123 968 5158 a
985 5109 1050 5157 viris
1064 5107 1151 5157 doctis
1163 5108 1243 5158 buius
1258 5109 1355 5156 aetatis
1370 5109 1465 5158 evictis
1483 5105 1606 5172 pugnabt

214 5188 300 5253 (velut
329 5190 427 5242 formas
457 5199 545 5258 genet.
574 5193 603 5242 in
634 5195 673 5244 -αϊ
703 5201 830 5246 excuntes
859 5196 903 5246 vel
939 5211 1077 5247 mensuras
1108 5195 1209 5246 similes
1245 5195 1343 5260 duplici
1374 5197 1401 5246 in
1438 5196 1518 5246 Haut.
1549 5196 1604 5244 tim.

211 5277 278 5346 prol.
295 5293 321 5330 v.
341 5280 375 5348 6).
