3922 6084
662 531 822 586 Prolegomona
835 533 864 577 ad
877 533 966 576 lexicon
980 513 1147 576 'terentianum¹
1563 512 1604 579 35

213 721 244 776 et
257 711 415 800 prebendo
436 711 578 796 (praetor
597 709 726 775 Phorm.
749 711 820 793 620,
844 709 898 773 ubi
916 711 1048 796 prendo,
1064 717 1096 772 et
1115 707 1197 772 Eun.
1216 705 1542 794 &subtemporali
1564 727 1607 769 ex

212 817 324 882 Bemb.
348 815 483 902 recepit)
509 816 681 901 scripserit,
705 837 768 878 non
792 815 962 900 perspicio.
1010 811 1098 894 Quas
1122 813 1286 892 lectiones,
1317 813 1343 874 si
1373 833 1432 898 per
1465 819 1604 873 metrum

211 933 296 986 stare
326 944 389 986 non
421 929 562 1006 possunt,
596 929 775 983 ceterorum
808 918 967 982 editorum
1000 917 1184 1002 exemplum
1217 924 1346 981 secutus
1379 937 1442 979 non
1466 915 1603 978 servavi.

204 1027 307 1091 'Nolui
346 1034 515 1112 praeterea
551 1045 602 1087 me
647 1046 718 1088 cum
760 1023 1014 1109 Umpfenbaohio
1052 1025 1242 1110 ‘moncc'pore
1279 1019 1458 1086 auctoritati
1492 1018 1605 1081 codicis

211 1131 385 1217 (Bembini)
408 1130 561 1196 invocati
582 1129 732 1194 secundae
756 1139 783 1192 et
806 1132 915 1193 tertiae
932 1152 1085 1215 personae
1109 1127 1194 1198 verbi
1214 1126 1385 1190 cumilioris
1397 1134 1468 1212 post
1490 1122 1605 1186 vocales

210 1248 238 1300 et
259 1237 298 1298 M
325 1233 458 1299 tollendo
487 1233 534 1296 nel
563 1235 735 1298 socondo’.
783 1232 910 1298 Etenim
940 1233 971 1296 in
995 1232 1144 1296 Bembini
1168 1229 1344 1316 archetypo
1368 1227 1469 1292 multo
1493 1225 1604 1312 plures

211 1339 388 1404 huiusmodi
411 1339 533 1402 formas
563 1337 768 1424 synaloephe,
804 1359 887 1422 quae
922 1336 1047 1416 dicium,
1080 1337 1215 1422 scriptas
1238 1334 1336 1398 fuisse
1363 1333 1518 1420 suspicor,
1542 1353 1604 1394 non

211 1445 323 1526 solnm,
338 1444 532 1530 quodquam
548 1443 683 1506 libenter
695 1442 816 1506 librarii
835 1441 883 1504 his
897 1428 1009 1528 plenas
1026 1441 1249 1535 substituerint
1264 1462 1306 1503 cx
1322 1439 1377 1502 illo
1394 1439 1464 1526 ipso
1482 1436 1603 1515 codice,

211 1550 237 1612 si
257 1570 329 1612 cum
348 1547 555 1634 Calliopianis
570 1547 817 1633 comparaveris,
842 1546 1055 1631 cognoscitur,
1080 1545 1138 1608 sed
1160 1545 1265 1626 etiam,
1286 1543 1373 1631 quod
1388 1543 1450 1607 loci
1467 1549 1603 1621 exstant,

210 1653 325 1739 quibus
349 1652 420 1718 leve
443 1651 595 1716 mendum
613 1651 755 1716 eiusdem
775 1650 847 1714 libri
870 1674 927 1715 ms.
950 1649 1044 1714 facile
1069 1671 1111 1714 ox
1133 1649 1282 1714 breviore
1299 1648 1466 1735 archetypi
1490 1649 1621 1726 forma,-

204 1759 264 1842 ,vix
287 1780 329 1822 ex
352 1757 454 1821 altera
475 1757 576 1844 possit
598 1754 790 1842 explicari27.
826 1753 935 1835 Quare
960 1763 991 1818 et
1014 1755 1074 1818 hac
1096 1757 1128 1818 iu
1151 1779 1186 1818 re
1210 1754 1418 1818 constantiam
1443 1751 1603 1839 quandam

209 1856 359 1926 varietati
381 1860 556 1931 formarum
580 1860 726 1924 Bembini
750 1858 994 1946 praeferendam
1019 1883 1089 1925 esse
1114 1861 1201 1926 duxi.

338 1965 502 2028 Nonnulla
525 1953 726 2050 quamquam
744 1963 859 2044 habeo,
886 1963 925 2028 de
949 1964 1047 2030 rebus
1071 1965 1324 2052 orthographicis
1359 1985 1441 2049 quae
1473 1959 1602 2038 addam,

211 2071 263 2134 hic
287 2071 384 2134 missa
407 2070 500 2152 facio,
535 2070 686 2156 quoniam
708 2083 760 2132 me
784 2069 958 2154 longiorem
989 2070 1087 2136 fuisse
1126 2071 1226 2135 sentio
1266 2078 1297 2133 et
1326 2068 1450 2153 reliqua
1478 2064 1531 2128 vel
1563 2085 1605 2127 ex

215 2175 319 2240 lexico
344 2176 412 2260 ipso
435 2174 606 2260 perspicua
627 2173 695 2237 fore
720 2195 824 2260 spero.

343 2279 535 2365 Priusquam
552 2300 630 2341 vero
648 2277 817 2359 concludo,
840 2279 948 2342 facere
970 2301 1033 2342 non
1056 2301 1197 2364 possum,
1223 2267 1298 2364 quin
1316 2278 1377 2342 Gu.
1394 2273 1605 2354 Hartelio,
1626 2327 1632 2335 .

214 2385 366 2468 magistro
383 2406 454 2464 meo
471 2383 709 2472 humanissimo,
734 2383 890 2446 maximas
907 2405 1001 2468 agam
1024 2385 1151 2468 gratias.
1176 2381 1255 2446 Eius
1272 2383 1354 2445 enim
1372 2378 1498 2458 scholis,
1523 2399 1603 2464 quas

211 2488 251 2552 de
267 2488 389 2552 Andria
414 2487 534 2552 habere
559 2486 649 2568 solet,
674 2487 935 2552 fructuosissimis
952 2510 1003 2552 me
1020 2488 1060 2551 ad
1076 2488 1275 2574 propositum
1293 2485 1475 2548 Terentiani
1492 2480 1605 2546 indicis

209 2591 397 2656 conficiendi
422 2613 492 2654 esse
515 2590 690 2656 adductum
720 2590 832 2673 fateor,
867 2614 961 2677 quem
991 2602 1022 2656 et
1049 2593 1127 2679 ipse,
1156 2589 1191 2657 ut
1218 2600 1266 2656 est
1291 2590 1431 2655 liberalis
1460 2612 1603 2654 meorum

209 2697 387 2762 studiorum
410 2698 526 2779 fautor,
551 2696 781 2776 adhortatione,
806 2697 951 2778 consilio,
971 2699 1159 2762 auctoritate
1174 2716 1379 2782 ¹magnopere
1403 2695 1494 2761 iuvit.
1519 2693 1602 2756 Tum

207 2801 348 2865 debitam
385 2801 497 2866 habeo
528 2803 663 2887 gratiam
688 2799 723 2866 O.
764 2800 1030 2866 Schenketio
1069 2811 1100 2865 et
1134 2799 1205 2866 Th:
1232 2800 1488 2885 Gomperaio,
1522 2799 1602 2864 'viris

207 2907 408 2987 doctissimis,
435 2929 570 2990 quorum
592 2906 645 2969 illo
661 2928 724 2969 non
740 2905 836 2969 modo
852 2929 903 2970 me
919 2906 959 2970 ad
975 2908 1098 2992 priscos
1116 2907 1288 2992 scriptores
1303 2905 1436 2970 Latinos
1451 2904 1603 2967 colendos

209 3009 370 3091 incitavit,
404 3008 579 3072 sedetiam
613 3010 733 3094 pariter
767 3020 864 3095 atque
888 3011 938 3073 hic
973 3033 1078 3075 merim
1102 3011 1265 3097 inceptum
1291 3009 1426 3094 benigne
1457 3031 1602 3098 compro-

209 3113 309 3178 bavit.

309 3218 515 3281 Postremum
540 3218 678 3302 adiungo
695 3241 746 3282 me
763 3219 860 3282 lexici
875 3220 1090 3284 Terentiani28
1112 3222 1245 3306 primam
1263 3229 1387 3306 partem
1405 3242 1476 3284 esse
1501 3220 1600 3282 editu-

205 3345 287 3405 rum,
303 3322 358 3386 ubi
374 3324 512 3409 primum
537 3323 616 3385 ratio
633 3324 749 3406 aevia,
776 3345 871 3408 quam
896 3324 957 3388 hoc
973 3326 1148 3411 specimine
1170 3327 1314 3388 insistere
1339 3323 1456 3406 studui,
1481 3347 1500 3388 a
1522 3325 1601 3388 viris

137 3455 142 3462 ·
206 3427 306 3492 doctis
338 3428 378 3491 sit
407 3425 554 3512 probata.
601 3425 710 3506 Quare
741 3425 774 3488 id
806 3427 1047 3496 benevolentiae
1081 3439 1112 3493 et
1143 3431 1243 3493 favori
1275 3431 1435 3511 omnium,
1466 3431 1521 3516 qui
1553 3430 1600 3492 his

206 3530 317 3594 studiis
343 3530 419 3596 dant
443 3553 585 3619 operam,
606 3531 863 3596 commendatum
895 3554 965 3596 esse
988 3533 1081 3597 velim
1108 3556 1228 3620 eosque
1252 3557 1371 3621 aequos
1396 3536 1515 3620 incepti
1538 3535 1600 3598 mei

204 3637 437 3700 existimatores
472 3643 504 3699 et
538 3633 702 3699 adiutores
736 3635 804 3700 fore
843 3633 978 3701 confido.
1037 3639 1145 3724 Atque
1182 3641 1326 3724 quamvis
1355 3639 1441 3726 quod
1472 3640 1599 3724 suscepi

203 3763 285 3826 opus
314 3742 451 3828 spissum
476 3749 508 3803 et
531 3761 699 3826 operosum
726 3741 774 3824 sit,
806 3751 913 3806 tamen
937 3742 1078 3808 Terentii
1111 3765 1290 3808 sermonem
1315 3767 1334 3806 a
1357 3744 1488 3807 summis
1513 3744 1598 3806 Lati-

201 3845 306 3908 nitatis
330 3845 611 3925 existimatoribus,
630 3844 784 3910 Cicerone
801 3856 833 3910 et
849 3847 998 3930 Caesare,
1023 3850 1146 3934 magnis
1162 3848 1280 3914 elatum
1296 3848 1446 3913 laudibus
1471 3849 1594 3933 aperire

201 3958 233 4009 et
256 3948 400 4032 digerere
424 3971 542 4035 operae
565 3949 704 4035 pretium
730 3973 800 4016 esse
823 3951 959 4018 videtur.

202 4105 406 4118 *ξι-..-

304 4192 334 4258 2l)
355 4193 414 4257 hoc,
428 4200 456 4244 ut
469 4210 550 4244 unum
565 4195 695 4260 proferam
711 4198 867 4262 exemplum,
886 4199 913 4246 in
927 4213 952 4248 v.
966 4199 1047 4248 Haut.
1061 4198 1118 4251 tim.
1135 4197 1185 4248 819
1204 4197 1283 4260 cadit,
1305 4197 1350 4246 ubi
1371 4197 1504 4259 mendum,
1524 4197 1594 4263 quod

198 4282 225 4328 in
245 4281 374 4330 Bembino
393 4283 508 4332 traditur
530 4283 945 4352 Llol'runtsnrrnncurtu)‚
970 4285 1180 4335 multosfacilius
1204 4302 1236 4338 ex
1259 4287 1370 4349 pnlstino
1396 4286 1592 4336 LlClTVMST

199 4383 277 4432 qnam
298 4383 330 4416 ex
349 4368 573 4420 Llclrumssr
592 4369 712 4420 efficitur.
728 4399 755 4408 -
778 4372 810 4436 28)
830 4374 901 4438 quod
920 4374 1006 4438 ipsum
1025 4372 1105 4437 paulo
1125 4375 1269 4424 maioribus
1289 4389 1368 4438 quarn
1387 4373 1439 4422 hoc
1458 4375 1592 4438 specimen

198 4457 233 4518 (p.
253 4456 286 4504 39
306 4457 375 4520 sqq.)
395 4456 544 4506 litterarum
564 4458 655 4508 formis
674 4459 878 4510 describendum
898 4461 1004 4511 curabo.
1627 4435 1631 4449 ι
