3922 6084
683 479 844 530 Prolegomcns
857 480 886 519 sd
900 479 988 518 lexicon
1003 476 1168 518 Terentianum.
1572 455 1610 518 31

214 687 297 751 quae
319 666 439 754 ubique
469 669 539 734 fere
563 693 635 734 cum
660 669 720 734 illis
744 671 871 734 iunctae
901 670 1061 752 leguntur.
1085 665 1200 750 Neque
1224 661 1410 728 Andriae
1433 663 1611 728 alterum

214 773 408 842 exitum¹⁰
429 777 591 861 respicere
622 775 778 840 recusavi.
804 771 900 838 Cuius
936 782 984 836 sat
1015 771 1209 858 depravatae
1234 789 1369 833 scaenae
1393 790 1464 833 eum
1489 766 1611 831 nullum

213 877 531 966 vocabulumquod
555 891 642 950 recte
676 881 708 944 in
733 878 897 966 codicibus
932 875 1085 940 traditum
1110 886 1202 956 essct,
1243 874 1434 955 omisissem,
1467 873 1614 957 graviora

214 981 289 1046 licet
311 982 529 1068 probabiliora
551 987 692 1050 virorum
718 980 886 1047 doctorum
911 981 1131 1046 additamenta
1149 981 1260 1065 putavi
1283 976 1489 1042 secludenda.
1504 976 1612 1040 Etiam

215 1085 292 1148 alibi
322 1095 405 1152 totos
438 1111 550 1154 versus
583 1088 710 1153 relictos
736 1085 983 1174 praetermisi¹¹.
1029 1085 1110 1148 Nam
1137 1085 1208 1170 quis
1232 1091 1289 1165 est,
1314 1083 1369 1168 qui
1392 1081 1511 1146 talibus
1534 1079 1613 1144 locis

215 1189 255 1252 de
278 1191 408 1275 singulis
430 1193 540 1256 verbis
564 1190 792 1279 spoponderit?
831 1229 867 1238 -
894 1190 991 1254 Locis
1014 1197 1120 1251 autem
1146 1185 1206 1250 illis
1229 1209 1291 1250 non
1315 1186 1526 1266 Terentianis,
1551 1207 1614 1270 quo
1639 1220 1644 1230 ·

216 1291 340 1358 facilius
363 1318 381 1358 a
405 1297 555 1360 versibus
579 1295 779 1362 Terentianis
804 1302 1059 1375 secernerentur,
1083 1293 1271 1356 asteriscum
1296 1291 1338 1377 (*)
1363 1289 1533 1357 addebam.

315 1415 389 1498 Sed,
415 1419 563 1502 quoniam
597 1419 637 1482 de
661 1419 707 1482 his
730 1415 828 1481 rebus
852 1417 927 1478 satis
960 1414 1078 1478 dietum
1112 1422 1170 1495 est,
1195 1413 1404 1498 quomodo
1438 1414 1615 1497 singula

216 1519 522 1585 vocabulorum
547 1524 744 1608 exempla
767 1521 1025 1604 digesserim
1050 1517 1186 1583 docebo.
1221 1520 1330 1604 Atque
1352 1516 1433 1582 haec
1456 1541 1518 1584 non
1542 1521 1613 1582 sirn-

216 1621 342 1706 pliciter
361 1627 539 1690 secundum
557 1649 709 1692 versuum
734 1627 878 1690 ordinem
902 1625 947 1688 ita
970 1624 1166 1705 enumeravi,
1191 1633 1226 1686 ut
1249 1623 1411 1687 notionum
1436 1625 1499 1686 vim
1517 1633 1614 1708 atquc

217 1726 412 1794 differentias
425 1730 502 1794 nihil
516 1752 673 1798 curarem.
698 1733 786 1796 Talis
810 1730 964 1796 similisve
987 1731 1069 1794 ratio
1084 1728 1250 1793 Ciceronis
1265 1729 1403 1792 sermoni
1421 1727 1615 1814 explicando

217 1842 293 1918 apta
316 1833 365 1914 sit,
389 1834 550 1918 Terentio,
575 1839 629 1922 qui
653 1837 837 1902 comoedias
862 1857 946 1918 suas,
971 1835 1118 1920 quamvis
1142 1831 1341 1918 elegantibus
1365 1833 1497 1896 auribus
1514 1832 1615 1896 horni-

216 1961 291 2000 num
316 1937 444 2002 Graece
468 1930 632 2006 doctorum
657 1952 765 2028 gratas
788 1942 926 2008 reddere
950 1939 1117 2021 studuerit,
1157 1947 1263 2002 tamen
1287 1936 1328 2001 ad
1347 1924 1493 2024 priorum
1519 1939 1614 2002 comi·
1694 1935 1698 1948 '

218 2064 327 2105 corum
350 2043 536 2108 Latinorum
560 2046 703 2132 inprimis
726 2046 833 2130 Plauti
860 2068 1040 2110 sermonem
1067 2041 1325 2107 accommodavit
1349 2043 1489 2128 satisque
1519 2041 1616 2106 distat

217 2147 490 2214 aOicerouianae
521 2151 633 2214 aetatis
666 2151 792 2215 dicendi
823 2173 951 2237 genere,
984 2149 1118 2214 eandem
1157 2149 1399 2212 convenientem
1425 2171 1494 2210 esse
1519 2170 1615 2230 nega-

218 2253 329 2316 verim.
344 2251 450 2318 Huius
462 2253 644 2320 fabularum
669 2253 809 2320 indicem
832 2258 904 2342 pari
926 2253 1022 2320 inodo
1047 2253 1280 2318 conficiendum
1303 2275 1373 2316 esse
1391 2255 1500 2316 censui
1518 2263 1616 2338 atque

218 2354 332 2438 Taciti,
372 2345 549 2444 Sophoclis,
587 2360 761 2442 Theocriti,
800 2384 910 2426 omnes
950 2361 1087 2424 maiores
1125 2367 1156 2421 11
1193 2366 1337 2421 veterum
1375 2368 1406 2420 et
1440 2358 1615 2420 recentium

219 2461 408 2544 scriptorum
446 2462 569 2528 indices
608 2467 784 2552 consparsa
834 2476 916 2531 sunt.
967 2466 1126 2530 Varias
1172 2464 1268 2548 igitur
1310 2460 1615 2526 acetabulorum

218 2564 567 2648 significationes
591 2568 910 2654 distinguebam
934 2581 1062 2655 atque
1087 2566 1365 2654 explicabam.
1406 2565 1509 2629 Unius
1534 2566 1616 2628 eius-

219 2667 358 2753 demque
381 2673 519 2736 notienis
542 2672 631 2736 loeus
652 2676 736 2739 inter
758 2699 793 2738 se
817 2675 993 2760 simillimos
1015 2674 1164 2761 proxime
1196 2669 1406 2736 collocabam.
1439 2669 1508 2732 Hos
1531 2671 1617 2755 ipsos

216 2774 433 2862 reliquosque,
457 2779 488 2840 in
512 2779 628 2864 quibus
651 2782 780 2866 gravior
803 2803 899 2845 causa
922 2780 1015 2844 aliter
1039 2778 1230 2865 disponendi
1252 2799 1315 2841 non
1339 2785 1416 2857 erat,
1435 2797 1497 2862 quo
1510 2777 1616 2861 priore

218 2887 363 2965 tempore
390 2882 509 2964 fabula,
541 2883 625 2947 unde
656 2887 776 2972 sumpti
800 2896 883 2968 sunt,
909 2886 1056 2948 confecta
1079 2907 1150 2948 esse
1173 2883 1310 2964 ridetur,
1336 2903 1373 2944 eo
1387 2882 1508 2968 priores
1519 2904 1616 2967 pone-

218 2981 290 3044 bam
309 2983 340 3050 ¹².
359 2983 431 3063 Quo
448 2987 559 3051 ordine
573 2989 754 3073 observato,
770 2990 824 3053 ubi
838 2990 898 3054 sub
914 3013 979 3054 una
994 2990 1123 3053 notione
1141 2988 1307 3074 complura
1323 2987 1473 3074 exempla
1489 3009 1617 3050 coaecr»

217 3084 324 3150 venda
347 3098 446 3171 erant,
471 3092 660 3174 perieulum,
693 3117 733 3157 nc
758 3117 868 3160 eorum
895 3093 1064 3164 multitudo
1088 3117 1185 3178 aegre
1209 3094 1370 3157 recenseri
1393 3102 1512 3178 posset,
1538 3091 1616 3168 cliu-

218 3191 304 3274 gisse
328 3191 405 3254 mihi
429 3192 550 3260 videor.
575 3196 629 3257 Ad
654 3198 881 3262 discernendas
906 3207 1012 3261 autem
1036 3201 1181 3262 notiones
1206 3199 1364 3261 Donati
1389 3199 1616 3278 commentarii,

218 3297 309 3359 cuius
331 3297 433 3360 verba
455 3320 552 3383 saepe
576 3299 676 3382 attuli,
700 3323 817 3386 magno
834 3301 912 3365 mihi
928 3301 1113 3366 adiumento
1134 3312 1233 3382 erant,
1263 3304 1357 3366 etiarn
1384 3304 1495 3366 maiori
1518 3301 1615 3366 adno-

222 3401 358 3463 tationes
385 3423 457 3465 cum
493 3403 693 3487 Gronovii,
721 3405 1287 3489 Ruhnkenii,Westerlrovii,
1320 3406 1615 3484 Stallbaumii,
1659 3483 1663 3490 ἱ
1760 3436 1762 3444 1

218 3513 284 3566 tum
308 3507 608 3572 novissimorum
633 3509 836 3576 editorum.
882 3512 977 3574 Haud
1001 3533 1107 3597 patrea
1129 3513 1266 3576 lexicis
1290 3512 1513 3598 Foreellini,
1529 3511 1616 3576 Klo-

217 3610 292 3690 tzii,
317 3609 498 3696 Georgii
524 3600 631 3677 debeo*
640 3616 781 3701 inprimis
799 3618 828 3678 in
842 3615 1126 3699 significationibus
1151 3616 1345 3684 ordinandis.
1370 3617 1486 3702 Neque
1509 3626 1615 3680 tamen

216 3710 330 3776 horum
363 3717 523 3780 sententiis
554 3719 599 3781 ita
631 3742 683 3783 me
717 3719 839 3805 addixi,
875 3721 950 3807 quin
981 3720 1077 3784 aliam
1102 3719 1275 3785 verborum
1299 3722 1540 3807 dispositionem
1564 3721 1616 3786 vel

217 3817 473 3904 explicationem,
497 3822 524 3885 si
548 3824 698 3908 graviore
723 3824 762 3889 de
787 3847 885 3889 causa
907 3825 985 3888 mihi
1008 3827 1111 3910 magis
1135 3827 1272 3912 probata
1291 3837 1385 3909 esset,
1408 3826 1615 3914 praeferrem.

216 3966 421 3980 —-——·———-

322 4047 352 4112 10)
373 4065 450 4113 quem
470 4050 604 4101 Dalatako
623 4055 650 4101 111
671 4069 732 4104 nov.
751 4054 839 4106 annal.
858 4053 910 4103 vol.
931 4056 989 4115 113,
1007 4069 1032 4118 p.
1053 4055 1103 4104 ‘235
1121 4070 1177 4118 sqq.
1197 4055 1273 4104 111111
1292 4059 1354 4119 post
1373 4051 1434 4104 Chr.
1453 4047 1615 4118 ussaeeulo,

220 4133 319 4187 Braun.
337 4137 366 4184 in
385 4141 499 4200 quaestt.
518 4137 579 4190 Ter.
601 4139 731 4205 (Gotting.
751 4157 774 4192 a.
795 4145 861 4192 1877
881 4142 980 4207 omiss.)
1005 4158 1030 4207 11.
1049 4145 1080 4192 21
1101 4144 1189 4206 quarti
1207 4157 1233 4206 p.
1252 4141 1315 4192 Chr.
1334 4142 1433 4192 saeculi
1452 4145 1493 4192 30.
1512 4143 1615 4192 ve140.

218 4234 288 4268 anno
307 4222 463 4286 assignavit.
489 4251 520 4260 --
544 4224 675 4289 11)(111111
696 4227 729 4276 ab
761 4227 967 4292 Urnplenbachii
988 4229 1110 4279 versibus
1128 4227 1200 4277 harrd
1229 4218 1457 4294 improbabilibus,
1488 4247 1555 4296 quos
1587 4234 1615 4280 in

217 4307 294 4360 111111.
319 4307 425 4358 Terent.
451 4314 477 4359 et
496 4311 632 4364 1111111111.
660 4329 683 4362 v.
708 4313 759 4364 823
779 4314 948 4365 hemistichia
968 4320 1074 4381 etpost
1093 4315 1143 4367 Ad.
1162 4307 1187 4368 v.
1206 4317 1221 4365 3
1240 4315 1305 4380 prol.
1325 4322 1406 4383 atque
1429 4335 1455 4368 v.
1480 4321 1540 4380 354,
1569 4321 1615 4369 Η1.

218 4397 276 4458 229,
296 4395 344 4445 Ph.
366 4399 424 4459 681,
443 4397 477 4447 11.
495 4400 651 4450 inserendos
674 4404 821 4468 proposuit,
840 4401 963 4452 consulto
991 4401 1162 4452 abstinui-
1184 4402 1212 4466 12)
1232 4408 1353 4469 tempore
1372 4406 1491 4456 Terentii
1509 4405 1615 4456 fabulas

216 4482 256 4530 ita
275 4497 333 4532 1111
352 4485 458 4549 insequi
474 4487 630 4538 verisimile
644 4495 696 4539 est:
717 4489 825 4553 Andria,
839 4492 945 4554 Hecyra
959 4492 1058 4554 (quarn,
1069 4491 1119 4538 etsi
1138 4491 1251 4554 primum
1271 4493 1420 4556 iterumque
1439 4493 1503 4544 data
1521 4494 1615 4544 audita

217 4585 269 4618 non
289 4575 337 4633 111,
369 4577 459 4643 tamen
478 4578 560 4638 poeta
577 4591 630 4624 non
648 4581 809 4627 retractasse
836 4577 962 4644 videtur),
994 4577 1470 4642 1111111111,Ε111111111.,Ρ11111111.,
1501 4580 1614 4644 Adelph.

217 4659 285 4707 Nam
305 4659 400 4722 altera,
430 4675 510 4724 quam
538 4660 588 4714 Gu.
606 4663 765 4716 Wilmanns.
797 4664 841 4731 (de
873 4664 1001 4717 didascal.
1026 4664 1297 4727 Τ11·.,Β1111.1864,
1328 4669 1506 4732 1114911111.)
1539 4675 1566 4718 11
1585 4669 1614 4718 C.

216 4749 350 4799 Daiatalro
370 4751 409 4816 (in
427 4765 495 4804 mus.
524 4749 609 4803 Rhea.
639 4750 711 4814 XXI,
742 4769 767 4817 p.
787 4755 821 4803 78
850 4753 919 4816 sqq.)
945 4751 1133 4816 probaverant,
1165 4753 1325 4802 sententiam
1356 4754 1427 4802 inter
1443 4753 1561 4804 Andriae
1587 4759 1614 4804 11

217 4838 328 4898 primam
346 4838 470 4903 Hecyrae
500 4842 633 4889 actionem
654 4840 742 4891 datam
771 4857 830 4891 esse
860 4840 978 4890 fabulam
1009 4839 1146 4904 Adelphos
1164 4841 1251 4903 (prim.
1270 4840 1334 4906 act.)
1354 4841 1387 4890 ab
1408 4841 1457 4893 Gu.
1476 4843 1612 4908 Wagnero

217 4923 334 4984 (intrav.
355 4939 459 4978 111111.
480 4929 556 4990 1865,
586 4944 610 4993 p.
630 4929 768 4993 28911111.)
798 4931 956 4992 impugnata
986 4927 1615 4995 111111111011111111111111(111Ρ11ο1111.111·111.

219 5022 242 5070 p.
264 5012 303 5071 11,
323 5010 383 5062 adn.
404 5013 959 5079 11111111111111111111111111111111
984 5015 1018 5064 H.
1037 5013 1244 5064 Pacchelmann.
1265 5015 1302 5080 (in
1323 5015 1388 5066 diss.
1407 5017 1440 5066 de
1460 5018 1552 5067 ordine
1582 5019 1612 5067 P.

218 5095 326 5144 Tererrti
355 5098 513 5164 fabularum,
545 5102 662 5167 prologis
693 5103 862 5167 potissimum
894 5102 1028 5164 adhibitis,
1059 5102 1137 5154 Halia
1157 5101 1218 5152 Sax.
1245 5102 1321 5169 18711)
1341 5102 1484 5154 defendere
1504 5106 1612 5168 studuit,

217 5183 265 5234 scd
284 5191 449 5249 sanguineam,
464 5205 533 5254 quae
552 5189 586 5238 H.
606 5190 690 5238 Bessa
711 5191 749 5256 (in
770 5195 885 5254 quaesti.
905 5189 1021 5252 Terent,
1035 5191 1108 5254 Lips.
1130 5191 1197 5240 1871
1216 5189 1269 5256 ed.)
1290 5195 1384 5240 eontra
1402 5192 1473 5241 hunc
1492 5193 1611 5244 ordinem

216 5272 335 5340 protulit,
354 5277 486 5340 respicere
505 5279 634 5344 neglexit.
