3922 6084
688 532 836 581 Quaestiones
851 531 1008 581 Terentianae,
1022 532 1040 580 Ι,
1054 531 1075 569 t.
1581 585 1585 593 ι
1605 509 1625 571 9

227 728 317 812 igni
349 725 501 808 naturalis
536 748 574 789 ea
605 724 745 811 quidem,
778 747 842 788 non
865 723 1051 809 quaesitam,
1075 723 1132 788 etsi
1156 722 1311 808 pleraque
1343 721 1434 784 huius
1457 713 1626 800 generisa

228 832 405 896 lexicorum
430 829 617 894 auctoribus
633 828 707 892 selis
731 830 833 913 poetis
848 828 1035 912 Augusteae
1052 837 1083 891 et
1096 827 1282 913 posterioris
1299 825 1412 888 aetatis
1428 820 1623 901 tribuuntur,

229 937 290 998 iam
315 933 402 1021 apud
424 934 548 1020 priseos
571 943 683 1020 poetas
707 933 793 997 lraud
816 955 888 998 raro
913 934 1083 997 invenitur.
1108 930 1205 1011 Quod
1227 931 1339 1017 paucis
1364 925 1521 1012 exemplis
1539 947 1622 990 ecm-

235 1037 375 1126 probare
398 1037 439 1102 eb
463 1037 524 1102 lroe
546 1037 618 1101 loco
642 1059 704 1102 nen
727 1037 866 1101 alienum
884 1019 945 1101 sit.¹

361 1143 469 1231 Atque
491 1143 561 1229 ipse
584 1141 753 1208 Terentius
777 1142 888 1207 ardere
911 1165 1012 1206 enam-e
1035 1141 1111 1205 dicit
1132 1140 1165 1206 in
1187 1138 1270 1205 Eun.
1293 1159 1324 1204 v.
1349 1140 1390 1204 72

688 1270 790 1312 ornere
812 1247 927 1327 ordeo:
950 1258 977 1312 et
994 1247 1137 1332 pendens
1165 1248 1271 1324 sciens,

588 1351 678 1416 Vivus
700 1352 863 1437 vidensque
879 1350 1006 1438 pereo¹¹

233 1455 287 1539 (cf.
306 1456 373 1524 Cic.
396 1454 489 1520 Verr.
516 1454 553 1535 V,
578 1457 631 1539 47,
660 1457 729 1538 116,
753 1477 844 1546 prov.
880 1454 1000 1519 consul.
1029 1455 1059 1537 9,
1087 1455 1139 1535 23,
1164 1453 1233 1518 Liv.
1258 1451 1285 1535 Ι,
1308 1451 1359 1535 56,
1384 1453 1413 1532 2,
1436 1451 1497 1532 ΙΙΙ,
1513 1453 1565 1534 44,
1589 1454 1625 1533 4,

231 1561 369 1626 ardentis
392 1585 509 1626 amores
525 1564 670 1626 enritnret
692 1561 744 1624 sei
765 1559 832 1625 Cic.
856 1559 926 1622 Fin.
950 1557 993 1635 ΙΙ,
1020 1561 1069 1641 16,
1092 1559 1148 1642 52)
1171 1566 1203 1621 et
1218 1557 1348 1621 Lucret.
1373 1555 1413 1636 V,
1438 1558 1498 1620 897
1516 1555 1627 1620 scribit

207 1672 210 1678 '
681 1688 733 1728 nec
754 1664 851 1752 simili
877 1664 987 1729 Venere
1009 1664 1172 1728 ardescunt

232 1770 287 1854 (ef.
319 1771 413 1834 etiarn
431 1761 504 1846 ΔΙΙΙ,
541 1771 645 1854 1090).
681 1770 855 1834 Praeterea
878 1769 1012 1834 Plautus
1044 1769 1216 1834 incendium
1246 1765 1373 1830 notione
1396 1765 1565 1850 Liebesplnt
1596 1765 1626 1826 in

231 1873 331 1936 Merc.
356 1873 416 1954 ΙΙΙ,
439 1875 470 1955 4,
494 1877 514 1938 3
537 1883 670 1960 usurpat
693 1874 852 1960 similique
875 1875 1034 1938 sententia
1049 1873 1228 1939 incendendi
1244 1869 1380 1936 verbum
1397 1869 1524 1954 saepius
1540 1868 1627 1953 apud

231 1977 414 2042 Terentium
448 1979 548 2064 (velut
580 1979 679 2045 Andr.
711 2002 742 2043 v.
774 1980 836 2044 308
870 1986 901 2041 et
935 1977 1030 2042 Haut.
1066 1978 1131 2044 tim.
1156 1977 1234 2060 367)
1257 1975 1424 2040 invenitur.
1457 1975 1625 2038 Postremo

233 2091 391 2148 amatores
415 2084 535 2148 amicas
560 2105 633 2148 suas
656 2087 740 2170 ipnes
763 2079 945 2165 nominant,
968 2083 1011 2146 ita
1025 2080 1136 2164 Thais,
1158 2079 1339 2145 Phaedriae
1357 2080 1467 2162 amice,
1493 2088 1627 2143 vocatur

233 2188 265 2251 in
288 2186 370 2254 Eun.
393 2213 424 2254 v.
449 2187 489 2254 85

1114 2289 1184 2354 PH.
1213 2291 1312 2369 Totus,
1336 2291 1497 2368 Furniana,

369 2399 476 2462 Tremo
500 2399 672 2483 horreoque,
694 2408 860 2484 postquem
876 2398 988 2481 erponi
1001 2399 1091 2460 harre.
1114 2393 1182 2459 ΡΑ.
1206 2395 1296 2459 Bono
1319 2397 1421 2460 uninro
1444 2418 1489 2458 es:

365 2501 479 2566 Accede
502 2502 544 2565 nd
566 2505 663 2588 ipnenr
686 2503 773 2582 hrrrrc,
798 2505 861 2566 inm
882 2500 1009 2564 cretenses
1026 2500 1104 2586 pter
1125 2502 1211 2562 satie.

233 2607 283 2671 Of.
314 2604 448 2672 Heroid.
481 2604 572 2686 XVI,
609 2606 667 2669 102
691 2604 854 2683 Ardebant,
879 2607 1020 2690 qrrunreis
1043 2606 1113 2668 irinc
1130 2603 1243 2690 procel
1264 2607 1344 2689 ipnis
1366 2614 1449 2683 eret,

234 2712 311 2778 Hor.
330 2709 423 2797 epod.
439 2709 528 2790 XlV,
548 2712 586 2774 13
603 2731 672 2796 sqq.
692 2710 796 2774 Ureris
820 2713 884 2795 ipse
908 2711 1017 2772 nriser:
1041 2709 1173 2794 quodsi
1193 2733 1253 2774 non
1270 2707 1433 2794 pnlclnn'or
1455 2710 1534 2793 ipnie

688 2813 834 2880 Accendit
857 2812 1005 2877 obsessam
1027 2810 1118 2891 Ilion,

694 2918 807 2984 Grande
829 2929 910 2983 sorte
933 2928 998 2982 ten,

234 3023 329 3108 Verg.
376 3021 455 3088 Bne.
493 3021 556 3103 ΙΙΙ,
602 3023 643 3086 66
690 3021 733 3086 Ar
754 3025 832 3086 milri
852 3047 916 3087 sese
937 3025 1024 3109 offen
1046 3023 1127 3086 altro
1148 3045 1231 3086 naeres
1253 3023 1342 3108 ipris,
1368 3019 1524 3105 Arnpntne.

363 3125 488 3210 ltaque,
513 3135 546 3189 ut
577 3128 640 3188 iam
675 3125 716 3188 ad
748 3127 947 3190 Plrormionis
982 3127 1099 3208 locum,
1124 3127 1164 3190 de
1199 3149 1262 3212 que
1295 3147 1389 3209 agere
1423 3121 1627 3206 instituimus,

232 3230 374 3311 redeam,
398 3251 502 3310 nemo,
527 3231 649 3315 opiner,
674 3229 705 3291 in
736 3228 797 3292 hae
828 3229 962 3294 ardendi
994 3233 1122 3295 notione
1154 3231 1240 3316 apud
1264 3230 1450 3294 Terentium
1477 3226 1626 3293 offendet.

234 3336 349 3398 Rarius
367 3355 443 3397 sane
459 3333 521 3396 hoc
544 3341 592 3396 est
616 3354 712 3417 quam
728 3333 857 3398 arnandi
879 3336 1025 3399 verbum.
1050 3334 1135 3412 Quid
1159 3335 1253 3398 turn?
1278 3333 1330 3398 Ob
1351 3332 1382 3395 id
1403 3329 1504 3418 ipsum
1523 3353 1627 3399 nenne

234 3436 349 3506 ardere
365 3437 395 3500 in
420 3435 593 3500 amandum
617 3458 711 3521 quam
732 3436 841 3500 hocin
863 3437 942 3501 illud
965 3448 1123 3503 mutatum
1148 3461 1218 3502 esse
1241 3439 1310 3502 veri
1334 3436 1466 3502 similius
1490 3435 1626 3512 videtur,

230 3544 421 3630 praesertim
443 3541 470 3605 si
494 3541 702 3626 grammatice
725 3541 778 3606 vel
802 3542 929 3607 librario
955 3566 1066 3606 versus
1090 3543 1174 3608 illius
1208 3541 1318 3606 similis
1351 3543 1383 3606 in
1406 3541 1538 3606 Hauten
1561 3543 1626 3605 tim.

233 3649 263 3711 in
289 3656 429 3711 mentem
453 3645 579 3709 venisse
611 3647 812 3732 sumpseris?
850 3647 966 3734 Neque
989 3649 1104 3728 mirum
1130 3655 1185 3726 est,
1212 3645 1299 3733 quod
1322 3645 1455 3710 ardendi
1479 3644 1626 3724 verbum,

231 3753 380 3838 queniam
394 3751 424 3814 in
439 3772 475 3814 eo
488 3750 594 3814 activa
607 3750 766 3835 quaedam
781 3753 828 3814 vis
842 3752 1007 3836 (ardenter
1020 3752 1176 3838 cupiendi,
1190 3751 1395 3816 vehementer
1410 3749 1626 3834 desiderandi)

233 3859 322 3933 inest,
357 3879 430 3919 cum
463 3855 722 3919 accusative
752 3857 961 3942 coniungitur.
1008 3857 1117 3943 Atque
1149 3856 1333 3943 exemplum
1358 3856 1432 3918 satis
1456 3863 1562 3919 notum
1580 3862 1628 3915 est

235 3961 330 4045 Verg.
355 3961 436 4024 Buc.
461 3959 503 4040 ΙΙ,
532 3965 543 4024 l

561 4065 764 4128 Forneonsum
782 4076 894 4150 pastor
920 4064 1061 4152 Corydon
1084 4065 1212 4128 ardebat
1235 4062 1368 4130 Alenirn.

232 4167 268 4229 ln
307 4166 443 4230 Horatio
482 4166 627 4252 plerique
671 4167 799 4252 quidem
837 4168 975 4233 editores
1014 4168 1151 4231 eundem
1189 4190 1281 4231 usum
1324 4189 1500 4252 agnoscere
1537 4166 1627 4230 nolu-

234 4279 334 4334 erunt.
376 4269 449 4348 Sed,
476 4271 623 4354 quamvis
660 4271 690 4333 in
735 4294 834 4337 carm.
874 4272 931 4350 ΙΙΙ,
958 4273 987 4351 9,
1021 4275 1040 4336 6
1074 4272 1114 4336 de
1145 4272 1289 4348 lectione,
1332 4295 1426 4357 quam
1462 4270 1627 4334 Bentlcius

231 4373 373 4439 defendit
411 4398 470 4439 non
505 4374 601 4439 alitam
632 4379 730 4463 recipis
760 4380 879 4456 6767677,
910 4377 1099 4462 arnbigatur,
1137 4377 1167 4440 in
1200 4399 1297 4441 carm.
1330 4376 1386 4452 IV,
1419 4378 1447 4452 9,
1475 4379 1513 4441 13
1547 4379 1627 4440 carsit

335 4551 364 4616 ¹⁰)
384 4566 437 4600 non
455 4535 533 4600 aliter
552 4549 648 4600 Graeci
667 4552 755 4600 verbis
781 4550 917 4600 αἴθεσθαι
944 4554 980 4617 τῷ
1010 4554 1095 4620 ἔρωτι,
1116 4552 1265 4614 φλέγεσθαι,
1286 4552 1320 4602 al.
1340 4555 1367 4601 et
1384 4555 1518 4601 nostrates
1544 4551 1625 4600 verbe

230 4638 341 4688 brunnen
359 4643 478 4701 utuntur,
503 4638 535 4691 ef.
556 4655 583 4689 er
600 4638 691 4688 brennt
714 4640 766 4702 anf
786 4640 833 4689 dna
852 4639 980 4690 Miidclren
999 4641 1100 4690 Lutlrer
1123 4641 1151 4689 in
1178 4643 1200 4690 2.
1224 4638 1241 4688 l.
1266 4639 1353 4688 Mace.
1382 4642 1405 4700 9,
1432 4641 1460 4700 7,
1483 4637 1542 4686 daea
1568 4637 1627 4687 dicle

229 4724 312 4775 Alcest
334 4725 433 4791 pertesi,
461 4725 522 4776 duae
546 4741 574 4776 er
589 4724 640 4788 fiir
665 4725 723 4775 diclr
754 4727 880 4792 pelronnt
913 4727 1015 4777 Gcetlre
1044 4728 1103 4788 Vll,
1131 4729 1172 4788 46,
1198 4727 1240 4788 al,
1265 4731 1295 4774 ut
1322 4727 1410 4776 ‘resine
1436 4723 1568 4775 r'rarame’.
1593 4753 1625 4762 -·

233 4811 262 4875 ¹¹)
288 4827 340 4861 non
358 4827 466 4877 prorsus
485 4810 629 4862 dissimiles
649 4829 707 4862 esre
727 4815 820 4877 opiner
844 4814 915 4864 Tria.
935 4831 976 4864 vv.
994 4817 1047 4864 ,673
1067 4830 1125 4879 sqq.
1196 4797 1199 4806 Ι
1434 4824 1436 4833 “
1519 4818 1523 4830 ’

471 4899 595 4950 leronem
613 4900 730 4950 nrolrrnret
748 4900 891 4964 hospitium,
911 4901 1009 4952 devorti
1027 4900 1064 4952 ad
1083 4900 1242 4966 Orpidinenr.

828 5016 859 5028 -
878 4989 998 5039 incendio
1016 4988 1136 5039 incendes
1152 5005 1246 5055 penus:

473 5073 536 5124 Tam
553 5076 633 5141 ipiter
651 5073 696 5124 tibi
714 5091 782 5138 equo
800 5077 848 5126 erit
869 5073 976 5138 Cupido,
994 5091 1073 5140 petar
1092 5078 1136 5139 qni
1153 5078 1297 5141 restinpnea
1314 5081 1389 5137 tuom,

471 5159 551 5224 Atque
577 5163 600 5210 ri
622 5164 672 5212 cria
695 5168 811 5222 nonctrn,
832 5163 946 5226 proinde
971 5169 998 5212 nt
1021 5162 1097 5214 corde
1119 5169 1233 5213 errantes
1251 5167 1310 5212 erent
1332 5164 1389 5220 coti,

473 5245 512 5296 Ne
535 5247 675 5298 scintillam
698 5246 799 5313 quidem
821 5250 958 5312 relinques,
983 5265 1063 5315 penes
1087 5252 1131 5313 qni
1153 5249 1291 5316 conpiireat
1315 5254 1389 5301 tumre.

230 5330 269 5379 Cf.
290 5331 371 5380 etiam
392 5331 466 5383 Pers.
486 5349 529 5385 vv.
548 5335 597 5385 799
616 5351 655 5400 sq.
