3922 6084
474 1703 948 1846 uetustiores
983 1699 1483 1838 reseruntur.

399 2269 552 2364 Terentii
574 2295 712 2378 fabulas,
742 2295 802 2358 etsi
824 2295 860 2358 iis
883 2295 1011 2372 fortuna
1033 2293 1134 2380 magis
1158 2315 1254 2380 quum
1277 2293 1431 2358 Plautinis
1454 2292 1543 2377 favit,
1566 2301 1675 2358 tamen

283 2425 341 2489 per
367 2412 415 2467 tot
448 2401 578 2466 saecula
608 2400 760 2486 gravibus
791 2399 918 2463 casibus
950 2422 1020 2464 esse
1051 2397 1195 2464 adflictos
1223 2401 1255 2462 et
1278 2420 1319 2462 ex
1341 2398 1460 2485 apertis
1484 2398 1675 2486 quibusdam

282 2507 421 2571 omnium
446 2505 592 2572 codicum
622 2502 746 2569 mendis
773 2512 805 2567 et
828 2527 870 2568 ex
892 2489 1114 2573 innumersbili
1137 2503 1204 2569 fere
1229 2501 1480 2589 discrepantium
1502 2503 1674 2568 lectionum

281 2610 482 2676 multitudine
504 2607 647 2695 intellegi
668 2607 753 2674 lieet.

340 2707 342 2712 ’
408 2715 477 2779 Illis
500 2713 658 2798 versibus,
683 2715 737 2800 qui
760 2713 908 2779 omnibus
931 2715 962 2778 in
989 2713 1078 2777 libris
1105 2735 1201 2777 manu
1226 2701 1352 2800 scriptis
1376 2711 1516 2799 corrupti
1538 2718 1675 2792 exstant,

279 2823 306 2886 si
329 2822 442 2886 'ceteris
478 2841 606 2906 quoque
639 2818 771 2884 alicuius
805 2819 881 2884 fidei
904 2815 1090 2884 testimoniis
1114 2818 1324 2898 destituimur,
1348 2815 1537 2880 coniecturis
1560 2813 1676 2900 proba-

281 2925 396 2990 bilibus
420 2922 669 2991 succurrendum
703 2932 761 2990 est.
806 2923 866 2986 His
896 2923 984 3006 locis,
1018 2923 1135 3010 quibus
1169 2924 1201 2988 in
1225 2921 1338 2987 codice
1360 2921 1519 2988 Bembino
1551 2930 1584 2984 et
1605 2919 1676 2984 Cal-

282 3028 428 3122 liopianis
453 3027 581 3092 diversa
603 3028 698 3093 lectio
722 3029 891 3112 invenitur,
917 3037 1055 3114 utraque
1079 3006 1296 3114 grnmrirnticis
1320 3027 1527 3112 metricisque
1550 3025 1676 3108 legibus

281 3141 313 3195 et
344 3133 518 3196 sententiae
549 3133 756 3218 respondens,
789 3155 850 3198 non
883 3131 1101 3224 recedendum
1134 3133 1193 3198 erit
1224 3131 1265 3196 ab
1300 3129 1383 3196 illius
1415 3130 1535 3195 codicis
1558 3127 1676 3212 verbis,

283 3237 469 3323 praesertim
502 3258 574 3299 cum
606 3237 801 3322 antiquitatis
833 3237 971 3321 speciem
1003 3260 1081 3324 prae
1113 3260 1147 3301 se
1174 3237 1288 3301 ferant.
1311 3234 1395 3300 Sunt
1416 3243 1583 3323 praeterea
1604 3234 1676 3313 loci,

283 3340 400 3427 quibus
422 3341 453 3404 in
479 3361 603 3404 summo
628 3339 772 3404 codicum
798 3349 830 3404 et
853 3340 1094 3406 scholiasterum
1112 3363 1269 3406 consensu
1292 3341 1470 3406 vetustiore
1493 3340 1676 3404 testimonio

282 3466 460 3529 monemur,
483 3466 524 3509 ne
547 3443 648 3510 verba
664 3444 805 3510 Terentii
828 3467 931 3532 usque
954 3444 996 3510 ad
1019 3453 1167 3531 quartum
1185 3445 1372 3531 quintumve
1395 3444 1559 3510 saeculum
1575 3445 1677 3509 incor-

285 3557 381 3634 rupta
413 3549 569 3616 mansisse
601 3545 780 3616 credamus.
813 3550 916 3638 Immo
947 3559 1073 3633 mature
1107 3550 1200 3615 huius
1230 3549 1359 3615 fabulae
1392 3550 1676 3634 grammaticorum

283 3664 315 3718 et
330 3655 554 3739 magistrorum
571 3677 679 3742 opera,
703 3656 758 3741 qui
781 3677 835 3720 eas
858 3657 890 3720 in
921 3655 1037 3725 sobolis
1060 3654 1247 3721 lectitabant
1270 3652 1541 3742 etexplicabant,
1557 3653 1678 3740 aliquot

283 3753 510 3826 vetustioribus
534 3767 630 3847 atque
653 3761 798 3846 genuinis
820 3760 931 3824 formis
954 3761 1103 3827 videntur
1126 3783 1195 3826 esse
1219 3769 1347 3825 exutae.

413 3865 506 3946 Quae
531 3888 603 3930 cum
628 3866 690 3932 alio
710 3865 782 3931 loco
806 3865 952 3953 pluribus
974 3865 1168 3953 probaturus
1192 3865 1251 3930 sim
1275 3864 1443 3951 exemplis,
1469 3863 1498 3927 in
1522 3863 1569 3946 iis,
1594 3883 1696 3948 quae·

286 3979 475 4058 sequuntur,
497 3972 610 4057 paucis
633 3971 854 4037 demonstrare
877 3973 909 4035 in
932 3973 1037 4036 animo
1062 3979 1120 4037 est.

415 4073 543 4140 Deinde
576 4084 608 4140 et
632 4075 672 4139 de
695 4078 836 4142 vocativi
862 4075 973 4168 formis
1006 4075 1206 4141 Graecorum
1233 4072 1396 4138 nominum
1419 4071 1622 4159 propriorum
1646 4070 1679 4134 in

191 4170 194 4176 ’
285 4189 333 4242 -os
357 4177 516 4264 syllabam
539 4181 736 4264 exeuntium,
768 4201 905 4266 quorum
937 4182 968 4245 in
1000 4202 1060 4272 usu
1094 4180 1231 4245 editores
1254 4178 1396 4243 Terentii
1419 4174 1516 4242 valde
1539 4177 1621 4242 inter
1643 4199 1678 4240 se

287 4281 482 4369 discrepant,
507 4290 540 4346 et
562 4281 602 4348 de
625 4285 757 4368 ratione,
786 4307 883 4371 quam
906 4283 991 4350 idem
1014 4287 1045 4350 in
1068 4284 1236 4352 vocabulis
1256 4282 1390 4348 Graecis
1412 4278 1603 4368 recipiendis
1626 4280 1679 4346 vel

286 4386 444 4452 novandis
468 4397 597 4453 secutus
620 4397 677 4473 est,
698 4391 800 4456 tirsius
824 4413 929 4480 agam.

413 4491 574 4580 Denique,
600 4515 671 4560 cum
697 4504 851 4582 quantum
875 4497 905 4561 in
930 4497 1057 4582 syntaxi
1079 4496 1259 4582 priscorum
1282 4494 1473 4581 scriptorum
1489 4489 1678 4556 Latinorum

288 4597 383 4661 etiam
413 4607 488 4685 post
517 4598 572 4666 Fr.
605 4599 668 4666 Gn.
696 4599 815 4666 Holtzii
845 4600 1011 4688 diligentes
1043 4623 1135 4666 ouras
1158 4599 1386 4689 praestandum
1410 4599 1460 4682 sit,
1483 4596 1678 4684 quicumque

285 4701 334 4766 his
355 4703 466 4768 studiis
489 4704 639 4792 exiguam
664 4726 794 4792 operam
819 4707 995 4791 novaverit,
1020 4707 1182 4794 cognitum
1206 4705 1326 4770 habeat
1347 4725 1452 4792 neque
1475 4701 1541 4766 ulla
1563 4722 1615 4765 ros
1637 4697 1679 4762 ad

286 4829 467 4873 sermonem
490 4807 604 4874 horum
627 4810 888 4898 perspiciendum
908 4811 1111 4897 neglegenda
1133 4809 1183 4875 vel
1206 4807 1408 4896 aspernanda
1423 4808 1472 4890 sit,
1497 4805 1678 4892 quaestiun-

287 4910 376 4976 culas
399 4913 514 4978 addam
540 4912 631 4997 duas,
654 4914 769 5001 quibus
794 4914 834 4981 de
859 4915 996 5002 quodam
1021 4911 1252 5002 bporortleoror,
1277 4935 1373 5000 quam
1405 4920 1531 4992 vocant,
1555 4907 1678 4993 figurae

286 5037 404 5099 genere
421 5025 452 5080 et
469 5015 509 5081 de
522 5018 753 5084 consuetudine
767 5020 872 5086 minus
888 5021 1037 5088 usitatam
1052 5011 1415 5104 notioncm'explicandi
1431 5039 1505 5081 cum
1522 5013 1563 5078 ob
1580 5012 1678 5077 omni-

285 5117 347 5182 bus
376 5121 491 5203 priscis
514 5123 725 5210 scriptoribus
747 5124 880 5207 Latinis,
914 5134 981 5190 tum
1004 5148 1024 5190 a
1046 5124 1198 5192 Terentio
1230 5145 1294 5188 non
1323 5121 1472 5206 neglecta
1505 5139 1676 5206 exponam.

287 5221 433 5302 Quorum
457 5247 551 5295 usum
574 5229 630 5292 ubi
645 5230 824 5316 posteriore
840 5231 993 5294 sermonis
1009 5229 1117 5294 Latini
1140 5252 1200 5293 usu
1223 5237 1279 5294 sut
1302 5227 1458 5317 similibus
1475 5225 1624 5290 Graecae
1647 5229 1679 5286 et

288 5326 505 5392 Germanicae
528 5330 654 5418 linguae
679 5333 835 5420 exemplis
853 5334 997 5420 probare
1020 5343 1144 5421 potero,
1167 5335 1305 5420 probare
1328 5354 1391 5396 non
1414 5328 1677 5416 praetermittam.

1526 5448 1558 5504 lii*
