<?xml version="1.0" encoding="UTF-8"?>
<!DOCTYPE html PUBLIC "-//W3C//DTD XHTML 1.0 Transitional//EN"
    "http://www.w3.org/TR/xhtml1/DTD/xhtml1-transitional.dtd">
<html xmlns="http://www.w3.org/1999/xhtml" xml:lang="en" lang="en">
 <head>
  <title>
</title>
<meta http-equiv="Content-Type" content="text/html;charset=utf-8" />
  <meta name='ocr-system' content='tesseract 3.04.00' />
  <meta name='ocr-capabilities' content='ocr_page ocr_carea ocr_par ocr_line ocrx_word'/>
</head>
<body>
  <div class='ocr_page' id='page_1' title='image "./terentianaquaes01haulgoog_0028.png"; bbox 0 0 3922 6084; ppageno 0'>
   <div class='ocr_carea' id='block_1_1' title="bbox 722 529 1623 597">
    <p class='ocr_par' dir='ltr' id='par_1_1' title="bbox 722 529 1623 597">
     <span class='ocr_line' id='line_1_1' title="bbox 722 529 1623 597; baseline -0.006 -9"><span class='ocrx_word' id='word_1_1' title='bbox 722 529 871 597; x_wconf 70' lang='lat' dir='ltr'><strong>Quaestiohes</strong></span> <span class='ocrx_word' id='word_1_2' title='bbox 886 547 1041 597; x_wconf 73' lang='lat' dir='ltr'><strong>Terentianae,</strong></span> <span class='ocrx_word' id='word_1_3' title='bbox 1056 547 1097 597; x_wconf 88' lang='lat'><strong>111,</strong></span> <span class='ocrx_word' id='word_1_4' title='bbox 1113 548 1133 587; x_wconf 76' lang='lat' dir='ltr'><strong>t.</strong></span> <span class='ocrx_word' id='word_1_5' title='bbox 1582 529 1623 594; x_wconf 79' lang='grc'><strong>21</strong></span> 
     </span>
    </p>
   </div>
   <div class='ocr_carea' id='block_1_2' title="bbox 204 739 1625 1247">
    <p class='ocr_par' dir='ltr' id='par_1_2' title="bbox 204 739 1625 1247">
     <span class='ocr_line' id='line_1_2' title="bbox 229 739 1625 827; baseline -0.004 -18"><span class='ocrx_word' id='word_1_6' title='bbox 229 743 425 812; x_wconf 88' lang='lat' dir='ltr'><strong>nouandis.</strong></span> <span class='ocrx_word' id='word_1_7' title='bbox 465 742 514 805; x_wconf 88' lang='lat' dir='ltr'><strong>Ac</strong></span> <span class='ocrx_word' id='word_1_8' title='bbox 545 749 674 826; x_wconf 88' lang='lat' dir='ltr'><strong>praeter</strong></span> <span class='ocrx_word' id='word_1_9' title='bbox 703 740 896 826; x_wconf 87' lang='lat' dir='ltr'><strong>paucissima</strong></span> <span class='ocrx_word' id='word_1_10' title='bbox 925 739 1027 804; x_wconf 89' lang='lat' dir='ltr'><strong>verba</strong></span> <span class='ocrx_word' id='word_1_11' title='bbox 1057 762 1161 827; x_wconf 89' lang='lat' dir='ltr'><strong>eaque</strong></span> <span class='ocrx_word' id='word_1_12' title='bbox 1192 742 1375 806; x_wconf 87' lang='lat' dir='ltr'><strong>necessaria</strong></span> <span class='ocrx_word' id='word_1_13' title='bbox 1403 749 1433 804; x_wconf 88' lang='lat' dir='ltr'><strong>et</strong></span> <span class='ocrx_word' id='word_1_14' title='bbox 1455 741 1526 804; x_wconf 92' lang='lat' dir='ltr'><strong>loco</strong></span> <span class='ocrx_word' id='word_1_15' title='bbox 1549 746 1625 827; x_wconf 77' lang='lat' dir='ltr'><strong>dpta</strong></span> 
     </span>
     <span class='ocr_line' id='line_1_3' title="bbox 228 843 1625 935; baseline -0.005 -21"><span class='ocrx_word' id='word_1_16' title='bbox 228 871 385 935; x_wconf 83' lang='lat' dir='ltr'><strong>nusquam</strong></span> <span class='ocrx_word' id='word_1_17' title='bbox 418 847 480 910; x_wconf 88' lang='lat' dir='ltr'><strong>alia</strong></span> <span class='ocrx_word' id='word_1_18' title='bbox 511 847 580 931; x_wconf 88' lang='lat' dir='ltr'><strong>ipse</strong></span> <span class='ocrx_word' id='word_1_19' title='bbox 610 844 672 910; x_wconf 84' lang='lat' dir='ltr'>sibi</span> <span class='ocrx_word' id='word_1_20' title='bbox 703 843 877 908; x_wconf 81' lang='lat' dir='ltr'><strong>transferre</strong></span> <span class='ocrx_word' id='word_1_21' title='bbox 911 845 1079 924; x_wconf 81' lang='lat' dir='ltr'><strong>concessit,</strong></span> <span class='ocrx_word' id='word_1_22' title='bbox 1111 867 1270 930; x_wconf 83' lang='lat' dir='ltr'><strong>nusquam</strong></span> <span class='ocrx_word' id='word_1_23' title='bbox 1301 854 1480 932; x_wconf 77' lang='lat' dir='ltr'><strong>praeterea,</strong></span> <span class='ocrx_word' id='word_1_24' title='bbox 1496 843 1625 909; x_wconf 86' lang='lat' dir='ltr'><strong>Graeca</strong></span> 
     </span>
     <span class='ocr_line' id='line_1_4' title="bbox 229 948 1623 1036; baseline -0.004 -17"><span class='ocrx_word' id='word_1_25' title='bbox 229 954 375 1020; x_wconf 89' lang='lat' dir='ltr'><strong>consulto</strong></span> <span class='ocrx_word' id='word_1_26' title='bbox 398 951 522 1016; x_wconf 84' lang='lat' dir='ltr'><strong>Latinis</strong></span> <span class='ocrx_word' id='word_1_27' title='bbox 544 950 729 1036; x_wconf 84' lang='lat' dir='ltr'>praeposuit</span> <span class='ocrx_word' id='word_1_28' title='bbox 756 948 932 1032; x_wconf 86' lang='lat' dir='ltr'><strong>vocabulis,</strong></span> <span class='ocrx_word' id='word_1_29' title='bbox 965 970 1124 1033; x_wconf 82' lang='lat' dir='ltr'><strong>nusquam</strong></span> <span class='ocrx_word' id='word_1_30' title='bbox 1148 949 1260 1035; x_wconf 86' lang='lat' dir='ltr'><strong>plenas</strong></span> <span class='ocrx_word' id='word_1_31' title='bbox 1291 948 1446 1016; x_wconf 83' lang='lat' dir='ltr'><strong>formulas</strong></span> <span class='ocrx_word' id='word_1_32' title='bbox 1478 949 1623 1014; x_wconf 82' lang='lat' dir='ltr'><strong>Graecas</strong></span> 
     </span>
     <span class='ocr_line' id='line_1_5' title="bbox 230 1052 1622 1142; baseline -0.003 -20"><span class='ocrx_word' id='word_1_33' title='bbox 230 1060 295 1122; x_wconf 90' lang='lat' dir='ltr'><strong>suis</strong></span> <span class='ocrx_word' id='word_1_34' title='bbox 318 1055 467 1122; x_wconf 83' lang='lat' dir='ltr'><strong>versibus</strong></span> <span class='ocrx_word' id='word_1_35' title='bbox 490 1053 607 1120; x_wconf 87' lang='lat' dir='ltr'><strong>inferre</strong></span> <span class='ocrx_word' id='word_1_36' title='bbox 631 1066 680 1118; x_wconf 86' lang='lat' dir='ltr'><strong>est</strong></span> <span class='ocrx_word' id='word_1_37' title='bbox 703 1065 846 1119; x_wconf 87' lang='lat' dir='ltr'><strong>conatus.</strong></span> <span class='ocrx_word' id='word_1_38' title='bbox 875 1052 1001 1134; x_wconf 77' lang='lat' dir='ltr'><strong>Quibus</strong></span> <span class='ocrx_word' id='word_1_39' title='bbox 1024 1053 1056 1118; x_wconf 91' lang='lat' dir='ltr'><strong>in</strong></span> <span class='ocrx_word' id='word_1_40' title='bbox 1079 1053 1176 1118; x_wconf 89' lang='lat' dir='ltr'><strong>rebus</strong></span> <span class='ocrx_word' id='word_1_41' title='bbox 1189 1076 1301 1141; x_wconf 78' lang='lat' dir='ltr'><strong>:purae</strong></span> <span class='ocrx_word' id='word_1_42' title='bbox 1323 1054 1503 1119; x_wconf 86' lang='lat' dir='ltr'><strong>Latinitatis</strong></span> <span class='ocrx_word' id='word_1_43' title='bbox 1527 1076 1622 1142; x_wconf 90' lang='lat' dir='ltr'><strong>quam</strong></span> 
     </span>
     <span class='ocr_line' id='line_1_6' title="bbox 204 1147 714 1247; baseline -0.01 -17"><span class='ocrx_word' id='word_1_44' title='bbox 204 1147 206 1154; x_wconf 15' lang='grc' dir='ltr'><em>Α</em></span> <span class='ocrx_word' id='word_1_45' title='bbox 230 1161 479 1230; x_wconf 79' lang='lat' dir='ltr'><strong>studiosissimus</strong></span> <span class='ocrx_word' id='word_1_46' title='bbox 503 1161 714 1247; x_wconf 79' lang='lat' dir='ltr'><strong>cognoscitur.</strong></span> 
     </span>
    </p>
   </div>
   <div class='ocr_carea' id='block_1_3' title="bbox 893 1458 965 1526">
    <p class='ocr_par' dir='ltr' id='par_1_3' title="bbox 893 1458 965 1526">
     <span class='ocr_line' id='line_1_7' title="bbox 893 1458 965 1526; baseline -0.097 0"><span class='ocrx_word' id='word_1_47' title='bbox 893 1458 965 1526; x_wconf 87' lang='grc' dir='ltr'><strong>ΠΙ.</strong></span> 
     </span>
    </p>
   </div>
   <div class='ocr_carea' id='block_1_4' title="bbox 166 1718 1683 5257">
    <p class='ocr_par' dir='ltr' id='par_1_4' title="bbox 166 1718 1683 5257">
     <span class='ocr_line' id='line_1_8' title="bbox 359 1718 1618 1804; baseline -0.002 -17"><span class='ocrx_word' id='word_1_48' title='bbox 359 1719 388 1787; x_wconf 81' lang='grc'><strong>7.</strong></span> <span class='ocrx_word' id='word_1_49' title='bbox 424 1721 475 1784; x_wconf 89' lang='lat' dir='ltr'><strong>Ad</strong></span> <span class='ocrx_word' id='word_1_50' title='bbox 508 1718 738 1804; x_wconf 75' lang='grc' dir='ltr'>ὁμοιοτὲλευτον,</span> <span class='ocrx_word' id='word_1_51' title='bbox 777 1741 871 1804; x_wconf 86' lang='lat' dir='ltr'><strong>quam</strong></span> <span class='ocrx_word' id='word_1_52' title='bbox 903 1718 1020 1782; x_wconf 82' lang='lat' dir='ltr'><strong>Graeci</strong></span> <span class='ocrx_word' id='word_1_53' title='bbox 1043 1720 1208 1783; x_wconf 88' lang='lat' dir='ltr'><strong>nominant</strong></span> <span class='ocrx_word' id='word_1_54' title='bbox 1237 1721 1384 1803; x_wconf 86' lang='lat' dir='ltr'><strong>figuram,</strong></span> <span class='ocrx_word' id='word_1_55' title='bbox 1415 1720 1618 1786; x_wconf 88' lang='lat' dir='ltr'><strong>referendum</strong></span> 
     </span>
     <span class='ocr_line' id='line_1_9' title="bbox 231 1823 1622 1910; baseline 0 -22"><span class='ocrx_word' id='word_1_56' title='bbox 231 1835 262 1888; x_wconf 89' lang='lat' dir='ltr'><strong>et</strong></span> <span class='ocrx_word' id='word_1_57' title='bbox 295 1825 438 1910; x_wconf 82' lang='lat' dir='ltr'><strong>inprimis</strong></span> <span class='ocrx_word' id='word_1_58' title='bbox 469 1825 566 1910; x_wconf 83' lang='lat' dir='ltr'><strong>prisci</strong></span> <span class='ocrx_word' id='word_1_59' title='bbox 596 1825 751 1888; x_wconf 84' lang='lat' dir='ltr'><strong>sermonis</strong></span> <span class='ocrx_word' id='word_1_60' title='bbox 782 1823 908 1890; x_wconf 89' lang='lat' dir='ltr'><strong>videtur</strong></span> <span class='ocrx_word' id='word_1_61' title='bbox 938 1846 1011 1888; x_wconf 88' lang='lat' dir='ltr'><strong>esse</strong></span> <span class='ocrx_word' id='word_1_62' title='bbox 1036 1825 1212 1910; x_wconf 88' lang='lat' dir='ltr'><strong>proprium,</strong></span> <span class='ocrx_word' id='word_1_63' title='bbox 1244 1834 1278 1886; x_wconf 91' lang='lat' dir='ltr'><strong>ut</strong></span> <span class='ocrx_word' id='word_1_64' title='bbox 1309 1826 1431 1889; x_wconf 88' lang='lat' dir='ltr'><strong>verba</strong></span> <span class='ocrx_word' id='word_1_65' title='bbox 1453 1824 1622 1889; x_wconf 88' lang='lat' dir='ltr'><strong>eiusdem</strong></span> 
     </span>
     <span class='ocr_line' id='line_1_10' title="bbox 231 1928 1623 2016; baseline 0.002 -24"><span class='ocrx_word' id='word_1_66' title='bbox 231 1930 360 2015; x_wconf 90' lang='lat' dir='ltr'><strong>quidem</strong></span> <span class='ocrx_word' id='word_1_67' title='bbox 383 1928 537 2012; x_wconf 86' lang='lat' dir='ltr'><strong>radicis,</strong></span> <span class='ocrx_word' id='word_1_68' title='bbox 557 1929 615 1992; x_wconf 89' lang='lat' dir='ltr'><strong>sed</strong></span> <span class='ocrx_word' id='word_1_69' title='bbox 630 1931 748 1992; x_wconf 88' lang='lat' dir='ltr'><strong>variis</strong></span> <span class='ocrx_word' id='word_1_70' title='bbox 770 1928 1129 2015; x_wconf 87' lang='lat' dir='ltr'><strong>praepositionibus</strong></span> <span class='ocrx_word' id='word_1_71' title='bbox 1153 1930 1367 2014; x_wconf 88' lang='lat' dir='ltr'><strong>composita</strong></span> <span class='ocrx_word' id='word_1_72' title='bbox 1390 1929 1623 2016; x_wconf 80' lang='lat' dir='ltr'><strong>copulentur</strong></span> 
     </span>
     <span class='ocr_line' id='line_1_11' title="bbox 230 2032 1623 2120; baseline 0.001 -23"><span class='ocrx_word' id='word_1_73' title='bbox 230 2032 298 2097; x_wconf 83' lang='lat' dir='ltr'><strong>sive</strong></span> <span class='ocrx_word' id='word_1_74' title='bbox 328 2035 396 2098; x_wconf 87' lang='lat' dir='ltr'><strong>sine</strong></span> <span class='ocrx_word' id='word_1_75' title='bbox 428 2032 610 2119; x_wconf 78' lang='lat' dir='ltr'><strong>copulativa</strong></span> <span class='ocrx_word' id='word_1_76' title='bbox 640 2033 798 2120; x_wconf 88' lang='lat' dir='ltr'><strong>particula</strong></span> <span class='ocrx_word' id='word_1_77' title='bbox 833 2034 923 2096; x_wconf 86' lang='lat' dir='ltr'><strong>iuxta</strong></span> <span class='ocrx_word' id='word_1_78' title='bbox 956 2041 1170 2119; x_wconf 89' lang='lat' dir='ltr'><strong>apponantur.</strong></span> <span class='ocrx_word' id='word_1_79' title='bbox 1210 2032 1307 2111; x_wconf 74' lang='lat' dir='ltr'><strong>Quod</strong></span> <span class='ocrx_word' id='word_1_80' title='bbox 1337 2056 1401 2097; x_wconf 91' lang='lat' dir='ltr'><strong>non</strong></span> <span class='ocrx_word' id='word_1_81' title='bbox 1438 2043 1560 2098; x_wconf 87' lang='lat' dir='ltr'><strong>tantum</strong></span> <span class='ocrx_word' id='word_1_82' title='bbox 1592 2037 1623 2098; x_wconf 92' lang='lat' dir='ltr'><strong>in</strong></span> 
     </span>
     <span class='ocr_line' id='line_1_12' title="bbox 229 2135 1620 2226; baseline 0 -24"><span class='ocrx_word' id='word_1_83' title='bbox 229 2139 375 2203; x_wconf 82' lang='lat' dir='ltr'><strong>notiones</strong></span> <span class='ocrx_word' id='word_1_84' title='bbox 399 2137 472 2202; x_wconf 91' lang='lat' dir='ltr'><strong>sibi</strong></span> <span class='ocrx_word' id='word_1_85' title='bbox 497 2139 695 2224; x_wconf 89' lang='lat' dir='ltr'><strong>oppositas</strong></span> <span class='ocrx_word' id='word_1_86' title='bbox 718 2138 781 2202; x_wconf 87' lang='lat' dir='ltr'><strong>vel</strong></span> <span class='ocrx_word' id='word_1_87' title='bbox 810 2137 986 2202; x_wconf 85' lang='lat' dir='ltr'><strong>diversas</strong></span> <span class='ocrx_word' id='word_1_88' title='bbox 1015 2135 1112 2220; x_wconf 88' lang='lat' dir='ltr'><strong>cadit,</strong></span> <span class='ocrx_word' id='word_1_89' title='bbox 1142 2135 1230 2202; x_wconf 88' lang='lat' dir='ltr'><strong>velut</strong></span> <span class='ocrx_word' id='word_1_90' title='bbox 1253 2136 1355 2202; x_wconf 88' lang='lat' dir='ltr'><strong>Plaut.</strong></span> <span class='ocrx_word' id='word_1_91' title='bbox 1379 2137 1463 2202; x_wconf 89' lang='lat' dir='ltr'><strong>Rud.</strong></span> <span class='ocrx_word' id='word_1_92' title='bbox 1487 2140 1547 2203; x_wconf 81' lang='lat'><strong>671</strong></span> <span class='ocrx_word' id='word_1_93' title='bbox 1573 2162 1620 2226; x_wconf 91' lang='lat' dir='ltr'><strong>sq.</strong></span> 
     </span>
     <span class='ocr_line' id='line_1_13' title="bbox 166 2239 1621 2332; baseline 0.001 -24"><span class='ocrx_word' id='word_1_94' title='bbox 166 2239 171 2250; x_wconf 75' lang='grc'>’</span> <span class='ocrx_word' id='word_1_95' title='bbox 224 2246 390 2332; x_wconf 87' lang='lat' dir='ltr'><strong>praecipes</strong></span> <span class='ocrx_word' id='word_1_96' title='bbox 422 2243 569 2329; x_wconf 80' lang='lat' dir='ltr'><strong>reppulit,</strong></span> <span class='ocrx_word' id='word_1_97' title='bbox 600 2243 741 2330; x_wconf 80' lang='lat' dir='ltr'><strong>propulit</strong></span> <span class='ocrx_word' id='word_1_98' title='bbox 768 2265 925 2328; x_wconf 81' lang='lat' dir='ltr'><strong>perquam</strong></span> <span class='ocrx_word' id='word_1_99' title='bbox 954 2242 1091 2327; x_wconf 77' lang='lat' dir='ltr'><strong>iadipuis</strong></span> <span class='ocrx_word' id='word_1_100' title='bbox 1120 2243 1228 2322; x_wconf 88' lang='lat' dir='ltr'><strong>modis,</strong></span> <span class='ocrx_word' id='word_1_101' title='bbox 1264 2241 1331 2306; x_wconf 88' lang='lat' dir='ltr'><strong>Mil.</strong></span> <span class='ocrx_word' id='word_1_102' title='bbox 1359 2242 1401 2326; x_wconf 83' lang='lat' dir='ltr'><strong>gl.</strong></span> <span class='ocrx_word' id='word_1_103' title='bbox 1436 2245 1500 2308; x_wconf 84' lang='grc'><strong>280</strong></span> <span class='ocrx_word' id='word_1_104' title='bbox 1532 2247 1621 2308; x_wconf 88' lang='lat' dir='ltr'><strong>istam</strong></span> 
     </span>
     <span class='ocr_line' id='line_1_14' title="bbox 230 2344 1623 2454; baseline 0.001 -43"><span class='ocrx_word' id='word_1_105' title='bbox 230 2349 416 2412; x_wconf 63' lang='lat' dir='ltr'><strong>institurum</strong></span> <span class='ocrx_word' id='word_1_106' title='bbox 447 2357 475 2412; x_wconf 87' lang='lat' dir='ltr'><strong>et</strong></span> <span class='ocrx_word' id='word_1_107' title='bbox 506 2347 699 2412; x_wconf 78' lang='lat' dir='ltr'><strong>desulturam</strong></span> <span class='ocrx_word' id='word_1_108' title='bbox 728 2348 775 2454; x_wconf 71' lang='lat' dir='ltr'><strong>qil</strong></span> <span class='ocrx_word' id='word_1_109' title='bbox 803 2370 929 2426; x_wconf 72' lang='lat' dir='ltr'><strong>urerer,</strong></span> <span class='ocrx_word' id='word_1_110' title='bbox 967 2345 1042 2412; x_wconf 82' lang='lat' dir='ltr'><strong>Ter.</strong></span> <span class='ocrx_word' id='word_1_111' title='bbox 1074 2344 1173 2411; x_wconf 76' lang='lat' dir='ltr'><strong>Haut.</strong></span> <span class='ocrx_word' id='word_1_112' title='bbox 1206 2347 1272 2411; x_wconf 89' lang='lat' dir='ltr'><strong>tim.</strong></span> <span class='ocrx_word' id='word_1_113' title='bbox 1304 2348 1367 2412; x_wconf 87' lang='grc'><strong>643</strong></span> <span class='ocrx_word' id='word_1_114' title='bbox 1396 2348 1504 2412; x_wconf 89' lang='lat' dir='ltr'><strong>melius</strong></span> <span class='ocrx_word' id='word_1_115' title='bbox 1523 2351 1623 2435; x_wconf 83' lang='lat' dir='ltr'><strong>peius,</strong></span> 
     </span>
     <span class='ocr_line' id='line_1_15' title="bbox 226 2448 1625 2538; baseline 0.001 -22"><span class='ocrx_word' id='word_1_116' title='bbox 226 2454 332 2538; x_wconf 87' lang='lat' dir='ltr'><strong>prosit</strong></span> <span class='ocrx_word' id='word_1_117' title='bbox 369 2453 455 2531; x_wconf 85' lang='lat' dir='ltr'><strong>obsit,</strong></span> <span class='ocrx_word' id='word_1_118' title='bbox 493 2452 546 2517; x_wconf 76' lang='lat' dir='ltr'><strong>uit·</strong></span> <span class='ocrx_word' id='word_1_119' title='bbox 576 2453 687 2533; x_wconf 85' lang='lat' dir='ltr'><strong>uideat,</strong></span> <span class='ocrx_word' id='word_1_120' title='bbox 725 2454 788 2516; x_wconf 87' lang='lat' dir='ltr'><strong>uisi</strong></span> <span class='ocrx_word' id='word_1_121' title='bbox 823 2451 902 2537; x_wconf 84' lang='lat' dir='ltr'><strong>quod</strong></span> <span class='ocrx_word' id='word_1_122' title='bbox 940 2449 1028 2530; x_wconf 88' lang='lat' dir='ltr'><strong>lubet,</strong></span> <span class='ocrx_word' id='word_1_123' title='bbox 1066 2448 1149 2513; x_wconf 80' lang='lat' dir='ltr'><strong>Eun.</strong></span> <span class='ocrx_word' id='word_1_124' title='bbox 1184 2451 1227 2516; x_wconf 81' lang='lat'><strong>42</strong></span> <span class='ocrx_word' id='word_1_125' title='bbox 1265 2451 1340 2536; x_wconf 82' lang='lat' dir='ltr'><strong>(pr.)</strong></span> <span class='ocrx_word' id='word_1_126' title='bbox 1379 2465 1535 2538; x_wconf 83' lang='lat' dir='ltr'><strong>aequmust</strong></span> <span class='ocrx_word' id='word_1_127' title='bbox 1571 2477 1625 2518; x_wconf 84' lang='lat' dir='ltr'><strong>nos</strong></span> 
     </span>
     <span class='ocr_line' id='line_1_16' title="bbox 229 2556 1624 2646; baseline 0.002 -27"><span class='ocrx_word' id='word_1_128' title='bbox 229 2580 401 2642; x_wconf 77' lang='lat' dir='ltr'><strong>copuoscere</strong></span> <span class='ocrx_word' id='word_1_129' title='bbox 432 2567 523 2642; x_wconf 81' lang='lat' dir='ltr'><strong>atque</strong></span> <span class='ocrx_word' id='word_1_130' title='bbox 552 2559 705 2642; x_wconf 73' lang='lat' dir='ltr'><strong>ipuoscere</strong></span> <span class='ocrx_word' id='word_1_131' title='bbox 728 2558 804 2640; x_wconf 91' lang='lat' dir='ltr'><strong>(uon</strong></span> <span class='ocrx_word' id='word_1_132' title='bbox 834 2556 965 2619; x_wconf 85' lang='lat' dir='ltr'><strong>inultum</strong></span> <span class='ocrx_word' id='word_1_133' title='bbox 1001 2557 1123 2621; x_wconf 84' lang='lat' dir='ltr'><strong>differt:</strong></span> <span class='ocrx_word' id='word_1_134' title='bbox 1156 2557 1255 2622; x_wconf 89' lang='lat' dir='ltr'><strong>Haut.</strong></span> <span class='ocrx_word' id='word_1_135' title='bbox 1280 2558 1345 2621; x_wconf 91' lang='lat' dir='ltr'><strong>tim.</strong></span> <span class='ocrx_word' id='word_1_136' title='bbox 1378 2561 1441 2624; x_wconf 82' lang='lat'><strong>218</strong></span> <span class='ocrx_word' id='word_1_137' title='bbox 1473 2569 1500 2622; x_wconf 91' lang='lat' dir='ltr'><strong>et</strong></span> <span class='ocrx_word' id='word_1_138' title='bbox 1521 2583 1624 2646; x_wconf 80' lang='lat' dir='ltr'><strong>capuc-</strong></span> 
     </span>
     <span class='ocr_line' id='line_1_17' title="bbox 228 2660 1625 2746; baseline 0.004 -24"><span class='ocrx_word' id='word_1_139' title='bbox 228 2660 330 2724; x_wconf 84' lang='lat' dir='ltr'><strong>sceadi</strong></span> <span class='ocrx_word' id='word_1_140' title='bbox 364 2671 391 2723; x_wconf 91' lang='lat' dir='ltr'><strong>et</strong></span> <span class='ocrx_word' id='word_1_141' title='bbox 428 2662 604 2746; x_wconf 78' lang='lat' dir='ltr'><strong>e‘pnosceudi</strong></span> <span class='ocrx_word' id='word_1_142' title='bbox 638 2662 764 2725; x_wconf 86' lang='lat' dir='ltr'><strong>dabitm·</strong></span> <span class='ocrx_word' id='word_1_143' title='bbox 796 2664 917 2746; x_wconf 88' lang='lat' dir='ltr'><strong>peceati</strong></span> <span class='ocrx_word' id='word_1_144' title='bbox 953 2661 1053 2742; x_wconf 85' lang='lat' dir='ltr'><strong>lecus;</strong></span> <span class='ocrx_word' id='word_1_145' title='bbox 1103 2661 1166 2727; x_wconf 81' lang='lat'><strong>372</strong></span> <span class='ocrx_word' id='word_1_146' title='bbox 1204 2664 1328 2726; x_wconf 82' lang='lat' dir='ltr'><strong>inuersa</strong></span> <span class='ocrx_word' id='word_1_147' title='bbox 1364 2663 1466 2737; x_wconf 86' lang='lat' dir='ltr'><strong>uerba,</strong></span> <span class='ocrx_word' id='word_1_148' title='bbox 1505 2687 1625 2728; x_wconf 85' lang='lat' dir='ltr'><strong>euersas</strong></span> 
     </span>
     <span class='ocr_line' id='line_1_18' title="bbox 228 2763 1625 2852; baseline 0.002 -23"><span class='ocrx_word' id='word_1_149' title='bbox 228 2767 380 2852; x_wconf 76' lang='lat' dir='ltr'><strong>rupices),</strong></span> <span class='ocrx_word' id='word_1_150' title='bbox 411 2788 523 2830; x_wconf 87' lang='lat' dir='ltr'><strong>verum</strong></span> <span class='ocrx_word' id='word_1_151' title='bbox 547 2767 644 2829; x_wconf 89' lang='lat' dir='ltr'><strong>etiam</strong></span> <span class='ocrx_word' id='word_1_152' title='bbox 668 2767 703 2828; x_wconf 91' lang='lat' dir='ltr'><strong>in</strong></span> <span class='ocrx_word' id='word_1_153' title='bbox 727 2764 874 2828; x_wconf 89' lang='lat' dir='ltr'><strong>similes</strong></span> <span class='ocrx_word' id='word_1_154' title='bbox 896 2763 959 2829; x_wconf 86' lang='lat' dir='ltr'><strong>vel</strong></span> <span class='ocrx_word' id='word_1_155' title='bbox 983 2775 1168 2852; x_wconf 87' lang='lat' dir='ltr'><strong>cognatas</strong></span> <span class='ocrx_word' id='word_1_156' title='bbox 1191 2763 1292 2828; x_wconf 85' lang='lat' dir='ltr'><strong>valet:</strong></span> <span class='ocrx_word' id='word_1_157' title='bbox 1322 2765 1423 2830; x_wconf 87' lang='lat' dir='ltr'><strong>Naev.</strong></span> <span class='ocrx_word' id='word_1_158' title='bbox 1446 2766 1478 2831; x_wconf 88' lang='lat' dir='ltr'><strong>b.</strong></span> <span class='ocrx_word' id='word_1_159' title='bbox 1500 2767 1581 2834; x_wconf 91' lang='lat' dir='ltr'><strong>Pun.</strong></span> <span class='ocrx_word' id='word_1_160' title='bbox 1604 2769 1625 2832; x_wconf 85' lang='lat'>5</span> 
     </span>
     <span class='ocr_line' id='line_1_19' title="bbox 229 2869 1626 2957; baseline 0.004 -26"><span class='ocrx_word' id='word_1_161' title='bbox 229 2869 317 2954; x_wconf 80' lang='lat' dir='ltr'><strong>(Va.)</strong></span> <span class='ocrx_word' id='word_1_162' title='bbox 348 2893 397 2934; x_wconf 86' lang='lat' dir='ltr'><strong>res</strong></span> <span class='ocrx_word' id='word_1_163' title='bbox 426 2871 517 2934; x_wconf 87' lang='lat' dir='ltr'><strong>divas</strong></span> <span class='ocrx_word' id='word_1_164' title='bbox 547 2871 643 2950; x_wconf 86' lang='lat' dir='ltr'><strong>edicit,</strong></span> <span class='ocrx_word' id='word_1_165' title='bbox 672 2871 824 2957; x_wconf 79' lang='lat' dir='ltr'><strong>praedicit</strong></span> <span class='ocrx_word' id='word_1_166' title='bbox 852 2882 975 2952; x_wconf 79' lang='lat' dir='ltr'><strong>usstus,·</strong></span> <span class='ocrx_word' id='word_1_167' title='bbox 1012 2871 1116 2936; x_wconf 87' lang='lat' dir='ltr'><strong>Plaut.</strong></span> <span class='ocrx_word' id='word_1_168' title='bbox 1157 2870 1277 2935; x_wconf 89' lang='lat' dir='ltr'><strong>Bacch.</strong></span> <span class='ocrx_word' id='word_1_169' title='bbox 1310 2869 1373 2935; x_wconf 80' lang='lat'><strong>935</strong></span> <span class='ocrx_word' id='word_1_170' title='bbox 1411 2873 1468 2957; x_wconf 83' lang='lat' dir='ltr'><strong>has</strong></span> <span class='ocrx_word' id='word_1_171' title='bbox 1498 2872 1626 2937; x_wconf 87' lang='lat' dir='ltr'><strong>tabellas</strong></span> 
     </span>
     <span class='ocr_line' id='line_1_20' title="bbox 227 2975 1627 3062; baseline 0.006 -28"><span class='ocrx_word' id='word_1_172' title='bbox 227 2975 413 3058; x_wconf 79' lang='lat' dir='ltr'><strong>ohsipuatas,</strong></span> <span class='ocrx_word' id='word_1_173' title='bbox 444 2978 650 3061; x_wconf 74' lang='lat' dir='ltr'><strong>cousipaatas,</strong></span> <span class='ocrx_word' id='word_1_174' title='bbox 682 2975 800 3062; x_wconf 83' lang='lat' dir='ltr'><strong>Amph.</strong></span> <span class='ocrx_word' id='word_1_175' title='bbox 833 2977 896 3041; x_wconf 86' lang='grc'><strong>984</strong></span> <span class='ocrx_word' id='word_1_176' title='bbox 918 2978 1068 3041; x_wconf 69' lang='lat' dir='ltr'><strong>antecedite</strong></span> <span class='ocrx_word' id='word_1_177' title='bbox 1090 2986 1181 3062; x_wconf 83' lang='lat' dir='ltr'><strong>atque</strong></span> <span class='ocrx_word' id='word_1_178' title='bbox 1204 2976 1352 3040; x_wconf 79' lang='lat' dir='ltr'><strong>abscedite</strong></span> <span class='ocrx_word' id='word_1_179' title='bbox 1381 3000 1490 3058; x_wconf 77' lang='lat' dir='ltr'><strong>outa-es,</strong></span> <span class='ocrx_word' id='word_1_180' title='bbox 1514 2979 1551 3042; x_wconf 92' lang='lat' dir='ltr'><strong>de</strong></span> <span class='ocrx_word' id='word_1_181' title='bbox 1574 2981 1627 3042; x_wconf 87' lang='lat' dir='ltr'><strong>oia</strong></span> 
     </span>
     <span class='ocr_line' id='line_1_21' title="bbox 227 3078 1625 3167; baseline 0.004 -27"><span class='ocrx_word' id='word_1_182' title='bbox 227 3078 366 3157; x_wconf 87' lang='lat' dir='ltr'><strong>decedite,</strong></span> <span class='ocrx_word' id='word_1_183' title='bbox 382 3078 476 3145; x_wconf 90' lang='lat' dir='ltr'><strong>Most.</strong></span> <span class='ocrx_word' id='word_1_184' title='bbox 496 3079 572 3144; x_wconf 88' lang='lat'>1031</span> <span class='ocrx_word' id='word_1_185' title='bbox 589 3083 682 3166; x_wconf 81' lang='lat' dir='ltr'><strong>perii,</strong></span> <span class='ocrx_word' id='word_1_186' title='bbox 699 3083 804 3144; x_wconf 83' lang='lat' dir='ltr'><strong>interii</strong></span> <span class='ocrx_word' id='word_1_187' title='bbox 822 3081 878 3166; x_wconf 88' lang='lat' dir='ltr'><strong>(cf.</strong></span> <span class='ocrx_word' id='word_1_188' title='bbox 896 3079 988 3167; x_wconf 82' lang='lat' dir='ltr'><strong>Oapt.</strong></span> <span class='ocrx_word' id='word_1_189' title='bbox 1006 3080 1186 3162; x_wconf 79' lang='lat' dir='ltr'><strong>687,Pe1·s.</strong></span> <span class='ocrx_word' id='word_1_190' title='bbox 1205 3080 1296 3163; x_wconf 74' lang='lat'>780);</span> <span class='ocrx_word' id='word_1_191' title='bbox 1313 3079 1386 3146; x_wconf 85' lang='lat' dir='ltr'><strong>Ter.</strong></span> <span class='ocrx_word' id='word_1_192' title='bbox 1404 3079 1543 3166; x_wconf 86' lang='lat' dir='ltr'><strong>Adelph.</strong></span> <span class='ocrx_word' id='word_1_193' title='bbox 1561 3083 1625 3146; x_wconf 84' lang='lat'><strong>703</strong></span> 
     </span>
     <span class='ocr_line' id='line_1_22' title="bbox 222 3182 1626 3284; baseline 0.006 -41"><span class='ocrx_word' id='word_1_194' title='bbox 222 3183 329 3268; x_wconf 89' lang='lat' dir='ltr'><strong>periit,</strong></span> <span class='ocrx_word' id='word_1_195' title='bbox 355 3182 440 3261; x_wconf 85' lang='lat' dir='ltr'><strong>abiit,</strong></span> <span class='ocrx_word' id='word_1_196' title='bbox 463 3207 573 3247; x_wconf 88' lang='lat' dir='ltr'><strong>uauem</strong></span> <span class='ocrx_word' id='word_1_197' title='bbox 595 3185 730 3247; x_wconf 82' lang='lat' dir='ltr'><strong>ascendit</strong></span> <span class='ocrx_word' id='word_1_198' title='bbox 757 3184 802 3267; x_wconf 82' lang='lat' dir='ltr'><strong>(v,</strong></span> <span class='ocrx_word' id='word_1_199' title='bbox 827 3191 996 3267; x_wconf 88' lang='lat' dir='ltr'><strong>praeterea</strong></span> <span class='ocrx_word' id='word_1_200' title='bbox 1020 3183 1097 3248; x_wconf 91' lang='lat' dir='ltr'><strong>ibid.</strong></span> <span class='ocrx_word' id='word_1_201' title='bbox 1126 3184 1188 3248; x_wconf 89' lang='grc'><strong>689</strong></span> <span class='ocrx_word' id='word_1_202' title='bbox 1215 3186 1366 3269; x_wconf 71' lang='lat' dir='ltr'><strong>uuum-uid</strong></span> <span class='ocrx_word' id='word_1_203' title='bbox 1387 3187 1626 3284; x_wconf 72' lang='lat' dir='ltr'><strong>circumspecti?</strong></span> 
     </span>
     <span class='ocr_line' id='line_1_23' title="bbox 229 3287 1683 3374; baseline 0.006 -25"><span class='ocrx_word' id='word_1_204' title='bbox 229 3297 285 3349; x_wconf 89' lang='lat' dir='ltr'><strong>aut</strong></span> <span class='ocrx_word' id='word_1_205' title='bbox 320 3287 469 3370; x_wconf 37' lang='lat' dir='ltr'><strong>urensquid</strong></span> <span class='ocrx_word' id='word_1_206' title='bbox 505 3297 568 3350; x_wconf 88' lang='lat' dir='ltr'><strong>tute</strong></span> <span class='ocrx_word' id='word_1_207' title='bbox 598 3291 765 3374; x_wconf 81' lang='lat' dir='ltr'><strong>prospecti</strong></span> <span class='ocrx_word' id='word_1_208' title='bbox 800 3288 865 3366; x_wconf 88' lang='lat' dir='ltr'><strong>tibi,</strong></span> <span class='ocrx_word' id='word_1_209' title='bbox 904 3290 980 3373; x_wconf 80' lang='lat' dir='ltr'><strong>qaid</strong></span> <span class='ocrx_word' id='word_1_210' title='bbox 1007 3291 1135 3372; x_wconf 67' lang='lat' dir='ltr'><strong>flereti,</strong></span> <span class='ocrx_word' id='word_1_211' title='bbox 1173 3287 1258 3353; x_wconf 81' lang='lat' dir='ltr'><strong>Eun.</strong></span> <span class='ocrx_word' id='word_1_212' title='bbox 1283 3287 1345 3352; x_wconf 91' lang='grc'><strong>646</strong></span> <span class='ocrx_word' id='word_1_213' title='bbox 1376 3301 1483 3354; x_wconf 87' lang='lat' dir='ltr'><strong>uestem</strong></span> <span class='ocrx_word' id='word_1_214' title='bbox 1511 3315 1626 3357; x_wconf 80' lang='lat' dir='ltr'><strong>munem</strong></span> <span class='ocrx_word' id='word_1_215' title='bbox 1682 3341 1683 3344; x_wconf 62' lang='lat'><strong>,</strong></span> 
     </span>
     <span class='ocr_line' id='line_1_24' title="bbox 227 3390 1623 3476; baseline 0.006 -24"><span class='ocrx_word' id='word_1_216' title='bbox 227 3392 356 3454; x_wconf 88' lang='lat' dir='ltr'><strong>miserae</strong></span> <span class='ocrx_word' id='word_1_217' title='bbox 377 3390 509 3468; x_wconf 87' lang='lat' dir='ltr'><strong>discidit,</strong></span> <span class='ocrx_word' id='word_1_218' title='bbox 540 3401 604 3453; x_wconf 92' lang='lat' dir='ltr'><strong>tum</strong></span> <span class='ocrx_word' id='word_1_219' title='bbox 626 3393 729 3476; x_wconf 88' lang='lat' dir='ltr'><strong>ipsam</strong></span> <span class='ocrx_word' id='word_1_220' title='bbox 750 3390 864 3476; x_wconf 88' lang='lat' dir='ltr'><strong>capillo</strong></span> <span class='ocrx_word' id='word_1_221' title='bbox 886 3393 1040 3471; x_wconf 81' lang='lat' dir='ltr'><strong>comeidit,</strong></span> <span class='ocrx_word' id='word_1_222' title='bbox 1073 3391 1202 3456; x_wconf 89' lang='lat' dir='ltr'><strong>Phorm.</strong></span> <span class='ocrx_word' id='word_1_223' title='bbox 1227 3391 1290 3456; x_wconf 78' lang='lat'><strong>374</strong></span> <span class='ocrx_word' id='word_1_224' title='bbox 1314 3393 1459 3458; x_wconf 86' lang='lat' dir='ltr'><strong>boumum</strong></span> <span class='ocrx_word' id='word_1_225' title='bbox 1481 3407 1623 3475; x_wconf 82' lang='lat' dir='ltr'><strong>esctortor,</strong></span> 
     </span>
     <span class='ocr_line' id='line_1_25' title="bbox 227 3493 1624 3586; baseline 0.006 -30"><span class='ocrx_word' id='word_1_226' title='bbox 227 3493 328 3580; x_wconf 79' lang='lat' dir='ltr'><strong>lepum</strong></span> <span class='ocrx_word' id='word_1_227' title='bbox 359 3504 516 3573; x_wconf 81' lang='lat' dir='ltr'><strong>contortor,</strong></span> <span class='ocrx_word' id='word_1_228' title='bbox 554 3493 659 3559; x_wconf 87' lang='lat' dir='ltr'><strong>Plaut.</strong></span> <span class='ocrx_word' id='word_1_229' title='bbox 693 3494 779 3557; x_wconf 84' lang='lat' dir='ltr'><strong>Trio.</strong></span> <span class='ocrx_word' id='word_1_230' title='bbox 815 3495 881 3560; x_wconf 68' lang='lat'><strong>820</strong></span> <span class='ocrx_word' id='word_1_231' title='bbox 917 3495 1101 3581; x_wconf 87' lang='lat' dir='ltr'><strong>salipoteuti,</strong></span> <span class='ocrx_word' id='word_1_232' title='bbox 1139 3496 1348 3582; x_wconf 88' lang='lat' dir='ltr'><strong>multipoteuti</strong></span> <span class='ocrx_word' id='word_1_233' title='bbox 1370 3550 1376 3563; x_wconf 95' lang='lat'><strong>.</strong></span> <span class='ocrx_word' id='word_1_234' title='bbox 1402 3549 1434 3564; x_wconf 90' lang='lat'><strong>..</strong></span> <span class='ocrx_word' id='word_1_235' title='bbox 1468 3499 1624 3586; x_wconf 87' lang='lat' dir='ltr'><strong>Neptuuo,</strong></span> 
     </span>
     <span class='ocr_line' id='line_1_26' title="bbox 229 3587 1626 3691; baseline 0.006 -31"><span class='ocrx_word' id='word_1_236' title='bbox 229 3599 268 3662; x_wconf 88' lang='lat' dir='ltr'><strong>cf.</strong></span> <span class='ocrx_word' id='word_1_237' title='bbox 303 3597 399 3662; x_wconf 83' lang='lat' dir='ltr'><strong>Ourc.</strong></span> <span class='ocrx_word' id='word_1_238' title='bbox 425 3597 491 3684; x_wconf 72' lang='lat' dir='ltr'><strong>ll).</strong></span> <span class='ocrx_word' id='word_1_239' title='bbox 529 3596 602 3662; x_wconf 91' lang='lat' dir='ltr'><strong>Non</strong></span> <span class='ocrx_word' id='word_1_240' title='bbox 632 3587 738 3661; x_wconf 87' lang='lat' dir='ltr'><strong>minus</strong></span> <span class='ocrx_word' id='word_1_241' title='bbox 769 3621 867 3686; x_wconf 83' lang='lat' dir='ltr'><strong>saepe</strong></span> <span class='ocrx_word' id='word_1_242' title='bbox 890 3598 1050 3664; x_wconf 88' lang='lat' dir='ltr'><strong>verbum</strong></span> <span class='ocrx_word' id='word_1_243' title='bbox 1082 3599 1244 3691; x_wconf 87' lang='lat' dir='ltr'><strong>simplex</strong></span> <span class='ocrx_word' id='word_1_244' title='bbox 1276 3624 1358 3665; x_wconf 90' lang='lat' dir='ltr'><strong>cum</strong></span> <span class='ocrx_word' id='word_1_245' title='bbox 1387 3603 1506 3667; x_wconf 90' lang='lat' dir='ltr'><strong>verbo</strong></span> <span class='ocrx_word' id='word_1_246' title='bbox 1530 3627 1626 3668; x_wconf 90' lang='lat' dir='ltr'><strong>com-</strong></span> 
     </span>
     <span class='ocr_line' id='line_1_27' title="bbox 227 3702 1625 3792; baseline 0.006 -26"><span class='ocrx_word' id='word_1_247' title='bbox 227 3705 355 3789; x_wconf 90' lang='lat' dir='ltr'><strong>posito</strong></span> <span class='ocrx_word' id='word_1_248' title='bbox 391 3704 633 3767; x_wconf 88' lang='lat' dir='ltr'><strong>coniunctum</strong></span> <span class='ocrx_word' id='word_1_249' title='bbox 667 3702 837 3781; x_wconf 90' lang='lat' dir='ltr'><strong>invenitur,</strong></span> <span class='ocrx_word' id='word_1_250' title='bbox 872 3705 959 3791; x_wconf 93' lang='lat' dir='ltr'><strong>quod</strong></span> <span class='ocrx_word' id='word_1_251' title='bbox 994 3713 1026 3769; x_wconf 90' lang='lat' dir='ltr'><strong>et</strong></span> <span class='ocrx_word' id='word_1_252' title='bbox 1060 3707 1091 3769; x_wconf 92' lang='lat' dir='ltr'><strong>in</strong></span> <span class='ocrx_word' id='word_1_253' title='bbox 1125 3707 1287 3792; x_wconf 86' lang='lat' dir='ltr'><strong>praetoria</strong></span> <span class='ocrx_word' id='word_1_254' title='bbox 1317 3705 1455 3770; x_wconf 87' lang='lat' dir='ltr'><strong>formula</strong></span> <span class='ocrx_word' id='word_1_255' title='bbox 1477 3710 1526 3787; x_wconf 89' lang='lat' dir='ltr'><strong>do,</strong></span> <span class='ocrx_word' id='word_1_256' title='bbox 1549 3710 1625 3787; x_wconf 85' lang='lat' dir='ltr'><strong>dico,</strong></span> 
     </span>
     <span class='ocr_line' id='line_1_28' title="bbox 228 3806 1626 3900; baseline 0.005 -28"><span class='ocrx_word' id='word_1_257' title='bbox 228 3809 336 3872; x_wconf 90' lang='lat' dir='ltr'><strong>addico</strong></span> <span class='ocrx_word' id='word_1_258' title='bbox 359 3815 390 3870; x_wconf 88' lang='lat' dir='ltr'><strong>et</strong></span> <span class='ocrx_word' id='word_1_259' title='bbox 413 3808 444 3870; x_wconf 94' lang='lat' dir='ltr'><strong>in</strong></span> <span class='ocrx_word' id='word_1_260' title='bbox 468 3806 529 3870; x_wconf 89' lang='lat' dir='ltr'><strong>hac</strong></span> <span class='ocrx_word' id='word_1_261' title='bbox 551 3809 631 3873; x_wconf 87' lang='lat' dir='ltr'><strong>dicto</strong></span> <span class='ocrx_word' id='word_1_262' title='bbox 654 3809 826 3873; x_wconf 88' lang='lat' dir='ltr'><strong>audieutem</strong></span> <span class='ocrx_word' id='word_1_263' title='bbox 849 3819 875 3873; x_wconf 93' lang='lat' dir='ltr'><strong>et</strong></span> <span class='ocrx_word' id='word_1_264' title='bbox 899 3811 1100 3876; x_wconf 80' lang='lat' dir='ltr'><strong>oboedientem</strong></span> <span class='ocrx_word' id='word_1_265' title='bbox 1123 3835 1185 3874; x_wconf 87' lang='lat' dir='ltr'><strong>esse</strong></span> <span class='ocrx_word' id='word_1_266' title='bbox 1208 3811 1407 3874; x_wconf 86' lang='lat' dir='ltr'><strong>tritissimum</strong></span> <span class='ocrx_word' id='word_1_267' title='bbox 1432 3820 1489 3878; x_wconf 88' lang='lat' dir='ltr'><strong>est.</strong></span> <span class='ocrx_word' id='word_1_268' title='bbox 1517 3814 1626 3900; x_wconf 87' lang='lat' dir='ltr'><strong>Atque</strong></span> 
     </span>
     <span class='ocr_line' id='line_1_29' title="bbox 230 3910 1625 4003; baseline 0.004 -27"><span class='ocrx_word' id='word_1_269' title='bbox 230 3913 431 3998; x_wconf 86' lang='lat' dir='ltr'><strong>frequentius</strong></span> <span class='ocrx_word' id='word_1_270' title='bbox 465 3910 579 3976; x_wconf 90' lang='lat' dir='ltr'><strong>eodem</strong></span> <span class='ocrx_word' id='word_1_271' title='bbox 613 3912 675 3976; x_wconf 91' lang='lat' dir='ltr'><strong>boc</strong></span> <span class='ocrx_word' id='word_1_272' title='bbox 710 3912 806 3977; x_wconf 92' lang='lat' dir='ltr'><strong>modo</strong></span> <span class='ocrx_word' id='word_1_273' title='bbox 841 3913 1001 3979; x_wconf 89' lang='lat' dir='ltr'><strong>verbum</strong></span> <span class='ocrx_word' id='word_1_274' title='bbox 1034 3914 1206 4000; x_wconf 88' lang='lat' dir='ltr'><strong>speciale</strong></span> <span class='ocrx_word' id='word_1_275' title='bbox 1237 3914 1411 3998; x_wconf 85' lang='lat' dir='ltr'><strong>generali</strong></span> <span class='ocrx_word' id='word_1_276' title='bbox 1445 3920 1625 4003; x_wconf 89' lang='lat' dir='ltr'><strong>postponi</strong></span> 
     </span>
     <span class='ocr_line' id='line_1_30' title="bbox 230 4017 1625 4106; baseline 0.006 -26"><span class='ocrx_word' id='word_1_277' title='bbox 230 4027 494 4099; x_wconf 75' lang='lat' dir='ltr'><strong>consentaneum,</strong></span> <span class='ocrx_word' id='word_1_278' title='bbox 528 4018 619 4081; x_wconf 89' lang='lat' dir='ltr'><strong>ouius</strong></span> <span class='ocrx_word' id='word_1_279' title='bbox 650 4040 737 4082; x_wconf 67' lang='lat' dir='ltr'><strong>ursus¹</strong></span> <span class='ocrx_word' id='word_1_280' title='bbox 758 4019 909 4106; x_wconf 86' lang='lat' dir='ltr'><strong>exempla</strong></span> <span class='ocrx_word' id='word_1_281' title='bbox 940 4018 1063 4104; x_wconf 90' lang='lat' dir='ltr'><strong>aliquot</strong></span> <span class='ocrx_word' id='word_1_282' title='bbox 1093 4019 1253 4082; x_wconf 86' lang='lat' dir='ltr'><strong>adferam:</strong></span> <span class='ocrx_word' id='word_1_283' title='bbox 1288 4017 1394 4082; x_wconf 85' lang='lat' dir='ltr'><strong>Plaut.</strong></span> <span class='ocrx_word' id='word_1_284' title='bbox 1420 4021 1536 4106; x_wconf 91' lang='lat' dir='ltr'><strong>Amph.</strong></span> <span class='ocrx_word' id='word_1_285' title='bbox 1562 4023 1625 4088; x_wconf 82' lang='grc'><strong>645</strong></span> 
     </span>
     <span class='ocr_line' id='line_1_31' title="bbox 223 4123 1626 4210; baseline 0.006 -26"><span class='ocrx_word' id='word_1_286' title='bbox 223 4123 334 4206; x_wconf 88' lang='lat' dir='ltr'><strong>feram</strong></span> <span class='ocrx_word' id='word_1_287' title='bbox 356 4132 383 4184; x_wconf 89' lang='lat' dir='ltr'><strong>et</strong></span> <span class='ocrx_word' id='word_1_288' title='bbox 401 4125 563 4207; x_wconf 81' lang='lat' dir='ltr'><strong>perferam</strong></span> <span class='ocrx_word' id='word_1_289' title='bbox 578 4145 672 4208; x_wconf 86' lang='lat' dir='ltr'><strong>usque</strong></span> <span class='ocrx_word' id='word_1_290' title='bbox 687 4123 806 4187; x_wconf 87' lang='lat' dir='ltr'><strong>abitum</strong></span> <span class='ocrx_word' id='word_1_291' title='bbox 829 4127 894 4188; x_wconf 86' lang='lat' dir='ltr'><strong>eius</strong></span> <span class='ocrx_word' id='word_1_292' title='bbox 918 4127 1022 4189; x_wconf 87' lang='lat' dir='ltr'><strong>auimo</strong></span> <span class='ocrx_word' id='word_1_293' title='bbox 1038 4125 1126 4210; x_wconf 85' lang='lat' dir='ltr'><strong>forti</strong></span> <span class='ocrx_word' id='word_1_294' title='bbox 1146 4135 1237 4209; x_wconf 78' lang='lat' dir='ltr'><strong>atque</strong></span> <span class='ocrx_word' id='word_1_295' title='bbox 1258 4125 1423 4209; x_wconf 82' lang='lat' dir='ltr'><strong>offirmato,</strong></span> <span class='ocrx_word' id='word_1_296' title='bbox 1447 4123 1544 4191; x_wconf 88' lang='lat' dir='ltr'><strong>Poen.</strong></span> <span class='ocrx_word' id='word_1_297' title='bbox 1562 4129 1626 4192; x_wconf 76' lang='lat'><strong>220</strong></span> 
     </span>
     <span class='ocr_line' id='line_1_32' title="bbox 229 4224 1625 4312; baseline 0.004 -22"><span class='ocrx_word' id='word_1_298' title='bbox 229 4226 333 4311; x_wconf 86' lang='lat' dir='ltr'><strong>poliri,</strong></span> <span class='ocrx_word' id='word_1_299' title='bbox 348 4225 490 4312; x_wconf 78' lang='lat' dir='ltr'><strong>eupoliri,</strong></span> <span class='ocrx_word' id='word_1_300' title='bbox 506 4224 582 4290; x_wconf 76' lang='lat' dir='ltr'><strong>Ter.</strong></span> <span class='ocrx_word' id='word_1_301' title='bbox 595 4224 678 4290; x_wconf 84' lang='lat' dir='ltr'><strong>Eun.</strong></span> <span class='ocrx_word' id='word_1_302' title='bbox 693 4227 755 4290; x_wconf 84' lang='lat'><strong>962</strong></span> <span class='ocrx_word' id='word_1_303' title='bbox 771 4228 846 4309; x_wconf 89' lang='lat' dir='ltr'><strong>dico,</strong></span> <span class='ocrx_word' id='word_1_304' title='bbox 871 4229 954 4293; x_wconf 89' lang='lat' dir='ltr'><strong>edico</strong></span> <span class='ocrx_word' id='word_1_305' title='bbox 969 4228 1052 4292; x_wconf 81' lang='lat' dir='ltr'><strong>uobis</strong></span> <span class='ocrx_word' id='word_1_306' title='bbox 1068 4240 1206 4293; x_wconf 82' lang='lat' dir='ltr'><strong>nostrum</strong></span> <span class='ocrx_word' id='word_1_307' title='bbox 1224 4253 1286 4292; x_wconf 86' lang='lat' dir='ltr'><strong>esse</strong></span> <span class='ocrx_word' id='word_1_308' title='bbox 1300 4229 1389 4294; x_wconf 87' lang='lat' dir='ltr'><strong>illum</strong></span> <span class='ocrx_word' id='word_1_309' title='bbox 1402 4229 1504 4294; x_wconf 90' lang='lat' dir='ltr'><strong>erilem</strong></span> <span class='ocrx_word' id='word_1_310' title='bbox 1509 4228 1625 4311; x_wconf 81' lang='lat' dir='ltr'><strong>fllium,</strong></span> 
     </span>
     <span class='ocr_line' id='line_1_33' title="bbox 229 4329 1620 4420; baseline 0.006 -28"><span class='ocrx_word' id='word_1_311' title='bbox 229 4329 327 4393; x_wconf 89' lang='lat' dir='ltr'><strong>Haut.</strong></span> <span class='ocrx_word' id='word_1_312' title='bbox 352 4330 417 4395; x_wconf 87' lang='lat' dir='ltr'><strong>tim.</strong></span> <span class='ocrx_word' id='word_1_313' title='bbox 440 4331 504 4394; x_wconf 82' lang='lat'><strong>465</strong></span> <span class='ocrx_word' id='word_1_314' title='bbox 527 4341 637 4409; x_wconf 87' lang='lat' dir='ltr'><strong>sumat,</strong></span> <span class='ocrx_word' id='word_1_315' title='bbox 668 4343 835 4410; x_wconf 82' lang='lat' dir='ltr'><strong>consumat,</strong></span> <span class='ocrx_word' id='word_1_316' title='bbox 861 4333 985 4419; x_wconf 88' lang='lat' dir='ltr'><strong>perdat.</strong></span> <span class='ocrx_word' id='word_1_317' title='bbox 1016 4331 1127 4396; x_wconf 90' lang='lat' dir='ltr'><strong>Dubia</strong></span> <span class='ocrx_word' id='word_1_318' title='bbox 1158 4341 1231 4397; x_wconf 91' lang='lat' dir='ltr'><strong>sunt</strong></span> <span class='ocrx_word' id='word_1_319' title='bbox 1252 4333 1354 4398; x_wconf 88' lang='lat' dir='ltr'><strong>verba</strong></span> <span class='ocrx_word' id='word_1_320' title='bbox 1375 4335 1407 4397; x_wconf 93' lang='lat' dir='ltr'><strong>in</strong></span> <span class='ocrx_word' id='word_1_321' title='bbox 1433 4331 1535 4420; x_wconf 72' lang='lat' dir='ltr'><strong>Caph,</strong></span> <span class='ocrx_word' id='word_1_322' title='bbox 1561 4335 1620 4400; x_wconf 78' lang='lat'><strong>791</strong></span> 
     </span>
     <span class='ocr_line' id='line_1_34' title="bbox 229 4435 1626 4526; baseline 0.002 -27"><span class='ocrx_word' id='word_1_323' title='bbox 229 4435 319 4516; x_wconf 77' lang='lat'>(788)</span> <span class='ocrx_word' id='word_1_324' title='bbox 343 4436 443 4498; x_wconf 77' lang='lat' dir='ltr'><strong>usiaor</strong></span> <span class='ocrx_word' id='word_1_325' title='bbox 472 4436 716 4523; x_wconf 79' lang='lat' dir='ltr'><strong>iutermiuorque,</strong></span> <span class='ocrx_word' id='word_1_326' title='bbox 747 4461 784 4500; x_wconf 91' lang='lat' dir='ltr'><strong>ue</strong></span> <span class='ocrx_word' id='word_1_327' title='bbox 806 4440 875 4524; x_wconf 85' lang='lat' dir='ltr'><strong>quis</strong></span> <span class='ocrx_word' id='word_1_328' title='bbox 895 4440 940 4501; x_wconf 90' lang='lat' dir='ltr'><strong>mi</strong></span> <span class='ocrx_word' id='word_1_329' title='bbox 970 4440 1018 4502; x_wconf 84' lang='lat' dir='ltr'><strong>bic</strong></span> <span class='ocrx_word' id='word_1_330' title='bbox 1047 4438 1204 4517; x_wconf 79' lang='lat' dir='ltr'><strong>obstiterit,</strong></span> <span class='ocrx_word' id='word_1_331' title='bbox 1235 4459 1299 4525; x_wconf 90' lang='lat' dir='ltr'><strong>quo</strong></span> <span class='ocrx_word' id='word_1_332' title='bbox 1330 4437 1401 4503; x_wconf 89' lang='lat' dir='ltr'><strong>loco</strong></span> <span class='ocrx_word' id='word_1_333' title='bbox 1434 4439 1585 4526; x_wconf 84' lang='lat' dir='ltr'><strong>Spengel.</strong></span> <span class='ocrx_word' id='word_1_334' title='bbox 1600 4440 1626 4478; x_wconf 86' lang='lat'><strong>⁵⁰</strong></span> 
     </span>
     <span class='ocr_line' id='line_1_35' title="bbox 231 4537 1626 4624; baseline 0.004 -22"><span class='ocrx_word' id='word_1_335' title='bbox 231 4537 450 4624; x_wconf 88' lang='lat' dir='ltr'><strong>compluribus</strong></span> <span class='ocrx_word' id='word_1_336' title='bbox 474 4541 671 4623; x_wconf 84' lang='lat' dir='ltr'><strong>argumentis</strong></span> <span class='ocrx_word' id='word_1_337' title='bbox 694 4563 771 4605; x_wconf 91' lang='lat' dir='ltr'><strong>usus</strong></span> <span class='ocrx_word' id='word_1_338' title='bbox 787 4540 923 4604; x_wconf 86' lang='lat' dir='ltr'><strong>verbum</strong></span> <span class='ocrx_word' id='word_1_339' title='bbox 947 4544 1064 4607; x_wconf 79' lang='lat' dir='ltr'><strong>eariuor</strong></span> <span class='ocrx_word' id='word_1_340' title='bbox 1086 4543 1117 4605; x_wconf 94' lang='lat' dir='ltr'><strong>in</strong></span> <span class='ocrx_word' id='word_1_341' title='bbox 1141 4542 1255 4607; x_wconf 90' lang='lat' dir='ltr'><strong>codice</strong></span> <span class='ocrx_word' id='word_1_342' title='bbox 1277 4545 1312 4611; x_wconf 90' lang='lat' dir='ltr'><strong>B</strong></span> <span class='ocrx_word' id='word_1_343' title='bbox 1334 4551 1495 4608; x_wconf 84' lang='lat' dir='ltr'><strong>servatum</strong></span> <span class='ocrx_word' id='word_1_344' title='bbox 1519 4552 1626 4608; x_wconf 86' lang='lat' dir='ltr'><strong>tuctur</strong></span> 
     </span>
     <span class='ocr_line' id='line_1_36' title="bbox 229 4635 1625 4734; baseline 0.004 -28"><span class='ocrx_word' id='word_1_345' title='bbox 229 4653 261 4706; x_wconf 86' lang='lat' dir='ltr'><strong>et</strong></span> <span class='ocrx_word' id='word_1_346' title='bbox 293 4665 422 4706; x_wconf 88' lang='lat' dir='ltr'><strong>versum</strong></span> <span class='ocrx_word' id='word_1_347' title='bbox 455 4644 501 4706; x_wconf 93' lang='lat' dir='ltr'><strong>sic</strong></span> <span class='ocrx_word' id='word_1_348' title='bbox 530 4644 794 4709; x_wconf 87' lang='lat' dir='ltr'><strong>conformandum</strong></span> <span class='ocrx_word' id='word_1_349' title='bbox 826 4635 897 4710; x_wconf 89' lang='lat' dir='ltr'><strong>esse</strong></span> <span class='ocrx_word' id='word_1_350' title='bbox 928 4656 1039 4711; x_wconf 87' lang='lat' dir='ltr'><strong>censet</strong></span> <span class='ocrx_word' id='word_1_351' title='bbox 1066 4648 1200 4712; x_wconf 83' lang='lat' dir='ltr'><strong>Emiucr</strong></span> <span class='ocrx_word' id='word_1_352' title='bbox 1229 4650 1474 4734; x_wconf 77' lang='lat' dir='ltr'><strong>interulamque,</strong></span> <span class='ocrx_word' id='word_1_353' title='bbox 1497 4672 1534 4712; x_wconf 88' lang='lat' dir='ltr'><strong>ue</strong></span> <span class='ocrx_word' id='word_1_354' title='bbox 1556 4651 1625 4734; x_wconf 82' lang='lat' dir='ltr'><strong>quis</strong></span> 
     </span>
     <span class='ocr_line' id='line_1_37' title="bbox 230 4747 1625 4838; baseline 0.002 -26"><span class='ocrx_word' id='word_1_355' title='bbox 230 4751 275 4812; x_wconf 79' lang='lat' dir='ltr'><strong>uei</strong></span> <span class='ocrx_word' id='word_1_356' title='bbox 295 4749 385 4812; x_wconf 89' lang='lat' dir='ltr'><strong>obstet</strong></span> <span class='ocrx_word' id='word_1_357' title='bbox 408 4748 443 4812; x_wconf 87' lang='lat' dir='ltr'><strong>oh</strong></span> <span class='ocrx_word' id='word_1_358' title='bbox 466 4750 558 4827; x_wconf 86' lang='lat' dir='ltr'><strong>uiam,</strong></span> <span class='ocrx_word' id='word_1_359' title='bbox 589 4747 633 4811; x_wconf 92' lang='lat' dir='ltr'><strong>ita</strong></span> <span class='ocrx_word' id='word_1_360' title='bbox 655 4757 690 4813; x_wconf 88' lang='lat' dir='ltr'><strong>ut</strong></span> <span class='ocrx_word' id='word_1_361' title='bbox 712 4751 815 4835; x_wconf 84' lang='lat' dir='ltr'><strong>potius</strong></span> <span class='ocrx_word' id='word_1_362' title='bbox 838 4750 998 4836; x_wconf 88' lang='lat' dir='ltr'><strong>prioribus</strong></span> <span class='ocrx_word' id='word_1_363' title='bbox 1021 4750 1179 4838; x_wconf 85' lang='lat' dir='ltr'><strong>exemplis</strong></span> <span class='ocrx_word' id='word_1_364' title='bbox 1202 4750 1461 4816; x_wconf 86' lang='lat' dir='ltr'><strong>adnumerandus</strong></span> <span class='ocrx_word' id='word_1_365' title='bbox 1494 4752 1542 4818; x_wconf 88' lang='lat' dir='ltr'><strong>sit.</strong></span> <span class='ocrx_word' id='word_1_366' title='bbox 1581 4750 1625 4815; x_wconf 88' lang='lat' dir='ltr'><strong>At</strong></span> 
     </span>
     <span class='ocr_line' id='line_1_38' title="bbox 232 4851 1625 4942; baseline 0.004 -29"><span class='ocrx_word' id='word_1_367' title='bbox 232 4873 312 4914; x_wconf 89' lang='lat' dir='ltr'><strong>cave</strong></span> <span class='ocrx_word' id='word_1_368' title='bbox 329 4851 443 4916; x_wconf 86' lang='lat' dir='ltr'><strong>credas</strong></span> <span class='ocrx_word' id='word_1_369' title='bbox 466 4853 659 4916; x_wconf 90' lang='lat' dir='ltr'><strong>inversum</strong></span> <span class='ocrx_word' id='word_1_370' title='bbox 684 4852 864 4932; x_wconf 88' lang='lat' dir='ltr'><strong>ordinem,</strong></span> <span class='ocrx_word' id='word_1_371' title='bbox 889 4876 951 4940; x_wconf 84' lang='lat' dir='ltr'><strong>quo</strong></span> <span class='ocrx_word' id='word_1_372' title='bbox 975 4855 1123 4940; x_wconf 87' lang='lat' dir='ltr'><strong>specialis</strong></span> <span class='ocrx_word' id='word_1_373' title='bbox 1139 4855 1191 4920; x_wconf 90' lang='lat' dir='ltr'><strong>vel</strong></span> <span class='ocrx_word' id='word_1_374' title='bbox 1205 4857 1384 4920; x_wconf 87' lang='lat' dir='ltr'><strong>accuratior</strong></span> <span class='ocrx_word' id='word_1_375' title='bbox 1405 4857 1492 4921; x_wconf 91' lang='lat' dir='ltr'><strong>notio</strong></span> <span class='ocrx_word' id='word_1_376' title='bbox 1509 4854 1625 4942; x_wconf 88' lang='lat' dir='ltr'><strong>priore,</strong></span> 
     </span>
     <span class='ocr_line' id='line_1_39' title="bbox 231 4956 1624 5047; baseline 0.002 -28"><span class='ocrx_word' id='word_1_377' title='bbox 231 4956 387 5040; x_wconf 85' lang='lat' dir='ltr'><strong>generalis</strong></span> <span class='ocrx_word' id='word_1_378' title='bbox 418 4958 554 5022; x_wconf 88' lang='lat' dir='ltr'><strong>latiorve</strong></span> <span class='ocrx_word' id='word_1_379' title='bbox 587 4960 763 5043; x_wconf 87' lang='lat' dir='ltr'><strong>posteriore</strong></span> <span class='ocrx_word' id='word_1_380' title='bbox 786 4959 858 5025; x_wconf 92' lang='lat' dir='ltr'><strong>loco</strong></span> <span class='ocrx_word' id='word_1_381' title='bbox 881 4961 1021 5047; x_wconf 90' lang='lat' dir='ltr'><strong>ponitur,</strong></span> <span class='ocrx_word' id='word_1_382' title='bbox 1045 4960 1087 5024; x_wconf 89' lang='lat' dir='ltr'><strong>ab</strong></span> <span class='ocrx_word' id='word_1_383' title='bbox 1110 4978 1171 5025; x_wconf 91' lang='lat' dir='ltr'><strong>usu</strong></span> <span class='ocrx_word' id='word_1_384' title='bbox 1192 4961 1306 5025; x_wconf 88' lang='lat' dir='ltr'><strong>horum</strong></span> <span class='ocrx_word' id='word_1_385' title='bbox 1331 4961 1520 5045; x_wconf 91' lang='lat' dir='ltr'><strong>scriptorum</strong></span> <span class='ocrx_word' id='word_1_386' title='bbox 1553 4981 1624 5022; x_wconf 88' lang='lat' dir='ltr'><strong>esse</strong></span> 
     </span>
     <span class='ocr_line' id='line_1_40' title="bbox 231 5059 1623 5153; baseline 0.004 -31"><span class='ocrx_word' id='word_1_387' title='bbox 231 5059 377 5124; x_wconf 89' lang='lat' dir='ltr'><strong>alienum.</strong></span> <span class='ocrx_word' id='word_1_388' title='bbox 428 5062 563 5148; x_wconf 84' lang='lat' dir='ltr'><strong>Saepius</strong></span> <span class='ocrx_word' id='word_1_389' title='bbox 596 5063 678 5126; x_wconf 88' lang='lat' dir='ltr'><strong>enim</strong></span> <span class='ocrx_word' id='word_1_390' title='bbox 702 5086 766 5128; x_wconf 89' lang='lat' dir='ltr'><strong>non</strong></span> <span class='ocrx_word' id='word_1_391' title='bbox 799 5087 932 5150; x_wconf 89' lang='lat' dir='ltr'><strong>prorsus</strong></span> <span class='ocrx_word' id='word_1_392' title='bbox 955 5066 1156 5131; x_wconf 87' lang='lat' dir='ltr'><strong>abundanter</strong></span> <span class='ocrx_word' id='word_1_393' title='bbox 1180 5075 1212 5129; x_wconf 90' lang='lat' dir='ltr'><strong>et</strong></span> <span class='ocrx_word' id='word_1_394' title='bbox 1233 5065 1392 5151; x_wconf 87' lang='lat' dir='ltr'><strong>languide,</strong></span> <span class='ocrx_word' id='word_1_395' title='bbox 1418 5065 1504 5152; x_wconf 92' lang='lat' dir='ltr'><strong>quod</strong></span> <span class='ocrx_word' id='word_1_396' title='bbox 1531 5086 1623 5153; x_wconf 89' lang='lat' dir='ltr'><strong>prae-</strong></span> 
     </span>
     <span class='ocr_line' id='line_1_41' title="bbox 230 5167 1624 5257; baseline 0.004 -29"><span class='ocrx_word' id='word_1_397' title='bbox 230 5185 368 5252; x_wconf 87' lang='lat' dir='ltr'><strong>propere</strong></span> <span class='ocrx_word' id='word_1_398' title='bbox 397 5167 607 5246; x_wconf 78' lang='lat' dir='ltr'><strong>indicaveris,</strong></span> <span class='ocrx_word' id='word_1_399' title='bbox 638 5167 790 5254; x_wconf 84' lang='lat' dir='ltr'><strong>generale</strong></span> <span class='ocrx_word' id='word_1_400' title='bbox 824 5170 959 5234; x_wconf 89' lang='lat' dir='ltr'><strong>verbum</strong></span> <span class='ocrx_word' id='word_1_401' title='bbox 996 5170 1135 5255; x_wconf 85' lang='lat' dir='ltr'><strong>additur,</strong></span> <span class='ocrx_word' id='word_1_402' title='bbox 1174 5192 1238 5257; x_wconf 91' lang='lat' dir='ltr'><strong>quo</strong></span> <span class='ocrx_word' id='word_1_403' title='bbox 1276 5169 1494 5256; x_wconf 87' lang='lat' dir='ltr'><strong>subsequente</strong></span> <span class='ocrx_word' id='word_1_404' title='bbox 1533 5171 1624 5255; x_wconf 88' lang='lat' dir='ltr'><strong>quasi</strong></span> 
     </span>
    </p>
   </div>
   <div class='ocr_carea' id='block_1_5' title="bbox 230 5309 436 5318">
    <p class='ocr_par' dir='ltr' id='par_1_5' title="bbox 230 5309 436 5318">
     <span class='ocr_line' id='line_1_42' title="bbox 230 5309 436 5318; baseline 0 -1"><span class='ocrx_word' id='word_1_405' title='bbox 230 5309 436 5318; x_wconf 74' lang='lat'><em>-——-·--—</em></span> 
     </span>
    </p>
   </div>
   <div class='ocr_carea' id='block_1_6' title="bbox 361 5358 933 5426">
    <p class='ocr_par' dir='ltr' id='par_1_6' title="bbox 361 5358 933 5426">
     <span class='ocr_line' id='line_1_43' title="bbox 361 5358 933 5426; baseline 0.016 -21"><span class='ocrx_word' id='word_1_406' title='bbox 361 5359 393 5424; x_wconf 69' lang='grc' dir='ltr'><strong>ὁθ)</strong></span> <span class='ocrx_word' id='word_1_407' title='bbox 411 5358 439 5408; x_wconf 87' lang='lat' dir='ltr'><strong>in</strong></span> <span class='ocrx_word' id='word_1_408' title='bbox 457 5375 523 5411; x_wconf 91' lang='lat' dir='ltr'><strong>mus.</strong></span> <span class='ocrx_word' id='word_1_409' title='bbox 541 5361 627 5416; x_wconf 88' lang='lat' dir='ltr'><strong>Rhen.</strong></span> <span class='ocrx_word' id='word_1_410' title='bbox 646 5360 699 5411; x_wconf 87' lang='lat' dir='ltr'><strong>vol.</strong></span> <span class='ocrx_word' id='word_1_411' title='bbox 718 5361 855 5426; x_wconf 83' lang='lat' dir='ltr'><strong>XXXVII,</strong></span> <span class='ocrx_word' id='word_1_412' title='bbox 875 5366 933 5414; x_wconf 80' lang='grc'>445.</span> 
     </span>
    </p>
   </div>
   <div class='ocr_carea' id='block_1_7' title="bbox 0 0 1969 6084">
    <p class='ocr_par' dir='ltr' id='par_1_7' title="bbox 0 0 1969 6084">
     <span class='ocr_line' id='line_1_44' title="bbox 0 0 1969 6084; baseline 0 0"><span class='ocrx_word' id='word_1_413' title='bbox 0 0 1969 6084; x_wconf 95' lang='lat' dir='ltr'><strong> </strong></span> 
     </span>
    </p>
   </div>
  </div>
 </body>
</html>
