3922 6084
362 461 404 525 30
818 481 979 530 Prolegomena
993 481 1021 521 ad
1035 482 1123 522 lexicon
1139 481 1306 524 Terentianum.

362 689 415 731 me
438 675 570 752 recepta
593 671 801 754 acquiescere
824 671 992 755 noluerint,
1021 672 1062 736 ad
1085 693 1140 736 eas
1162 674 1249 759 ipsas
1272 667 1462 762 votasqubi
1486 677 1634 742 codicum
1658 682 1756 766 scrip-

361 781 449 836 tures
493 769 545 836 vel
589 775 787 838 coniecturas
832 775 966 838 inveniri
1011 777 1224 862 perscriptas·
1253 789 1514 856 consentaneum)
1561 775 1757 846 evolvendae

363 877 526 941 adhortari
550 877 646 942 volui.
672 877 770 957 Quod
792 881 992 966 propositum
1020 903 1093 954 ,non
1131 890 1220 946 tanta
1256 885 1425 948 severitate
1466 894 1637 950 exsecutus
1675 909 1758 968 sum,

364 982 451 1066 quin,
474 981 530 1045 ubi
552 984 622 1068 ipsa
646 973 1135 1070 discrepantiacommemorata
1168 987 1252 1051 idem
1284 991 1352 1054 fere
1376 992 1513 1075 spatium
1537 993 1757 1077 requireretur

364 1107 459 1170 quam
485 1097 561 1150 nota
583 1088 684 1154 altera
707 1099 779 1154 utra
802 1093 957 1176 apposita,
981 1089 1069 1154 illam
1095 1093 1195 1176 ipsam
1220 1093 1292 1156 ilico
1316 1095 1479 1158 ascribere
1503 1095 1643 1162 mallem.
1675 1097 1760 1162 Tum

362 1213 402 1254 ne
426 1193 528 1278 spatio
553 1193 715 1274 abuterer,
753 1204 784 1258 et
808 1195 936 1258 codices
970 1206 1002 1259 et
1038 1199 1170 1260 nomina
1202 1197 1359 1262 editorum
1391 1199 1591 1287 aliorumque
1615 1202 1759 1266 virorum

266 1369 270 1376 ⁴
362 1297 540 1380 doctorum,
574 1299 627 1384 qui
653 1299 795 1385 inprimis
826 1300 936 1364 verbis
968 1300 1168 1366 Terentianis
1206 1303 1380 1368 tractandis
1419 1304 1577 1370 dederunt
1616 1328 1762 1392 operam,

361 1405 464 1465 notis
488 1403 725 1486 significabam3
744 1427 838 1490 quae,
855 1409 931 1491 quia
947 1407 1106 1492 simplices
1123 1418 1205 1489 sunt,
1224 1409 1388 1474 intellectu
1406 1421 1437 1473 et
1459 1419 1638 1474 memoratu
1662 1424 1759 1474 erunt

362 1506 482 1571 faciles,
522 1507 600 1594 Has,
634 1531 706 1572 cum
739 1517 813 1572 ante
843 1505 947 1596 ipsum
971 1511 1108 1576 indicem
1142 1523 1386 1580 enumeraturus
1419 1517 1488 1596 sim,
1511 1515 1563 1578 hic
1594 1514 1761 1601 explicare

363 1611 559 1698 supersedeo
571 1613 591 1679 ¹³.
680 1612 682 1627 ¹

377 1767 382 1783 .
467 1717 504 1779 ln
527 1716 638 1781 locis
661 1720 775 1804 ipsis
798 1719 1060 1802 adferendis,
1085 1723 1172 1808 quod
1195 1725 1258 1786 iam
1277 1745 1317 1786 ex
1339 1724 1386 1806 iis,
1400 1747 1484 1810 quae
1500 1746 1597 1809 supra
1621 1747 1763 1788 comme·

363 1821 498 1901 moravi,
521 1823 728 1907 perspicuum
752 1824 800 1904 sit,
826 1846 887 1888 non
913 1826 986 1888 hinc
1010 1827 1095 1899 illine
1117 1826 1287 1912 vocabula,
1312 1828 1485 1913 quaemihi
1503 1831 1762 1915 gravi01·a'⁴,vide-

362 1935 482 2005 rentur,
513 1926 615 2010 plenis
639 1927 796 2012 exemplis
820 1930 968 2012 instruxi,
985 1930 1060 2013 sed,
1085 1933 1249 2018 cumipse
1284 1941 1435 2018 quautam
1460 1933 1638 1996 molestiam
1663 1957 1763 2019 quan-

363 2040 495 2116 tamque
519 2049 641 2094 moram
666 2055 763 2119 saepe
779 2056 847 2097 rem
863 2035 1106 2098 minutissimam
1123 2039 1289 2121 quaerenti
1302 2039 1412 2122 ingens
1429 2038 1525 2101 series
1538 2038 1760 2124 exemplorum

362 2137 515 2217 numeria,
539 2157 602 2198 non
625 2137 732 2200 verbis
755 2138 954 2223 prolatorum
977 2149 1105 2226 pararet
1127 2163 1188 2204 usu
1211 2150 1364 2227 expertus
1388 2143 1514 2223 scirem,
1540 2143 1614 2205 huic
1637 2152 1761 2208 contra

364 2241 444 2302 riam
469 2241 536 2304 sere
558 2241 641 2304 viarn
666 2243 830 2325 ingressus
854 2266 934 2307 sum.
960 2244 1005 2307 At
1027 2245 1101 2308 item
1129 2246 1158 2308 in
1182 2245 1242 2308 hac
1266 2269 1313 2327 re,
1332 2248 1406 2332 quia
1421 2249 1551 2311 modum
1568 2250 1761 2328 transissem,

364 2347 391 2407 si
421 2367 531 2408 omnes
555 2347 695 2409 omnium
719 2346 952 2412 vocabulorum
990 2347 1078 2410 locos
1103 2350 1347 2434 exscripsissem
1370 2351 1491 2435 plenos,
1527 2354 1606 2416 certi
1632 2353 1759 2438 quidam

363 2450 444 2514 fines
467 2450 544 2512 mihi
567 2430 779 2514 constituendi
803 2461 903 2518 erant.
948 2449 1000 2515 Ac
1023 2454 1161 2538 primum
1186 2453 1335 2540 exempla
1358 2454 1484 2518 illorum
1512 2457 1698 2539 verborum,
1721 2481 1760 2520 ex

364 2554 482 2640 quibus
514 2551 767 2641 praepositiones
799 2557 958 2642 quaedam
991 2557 1142 2644 pendent,
1177 2558 1224 2620 bis
1259 2568 1291 2621 et
1314 2560 1374 2622 sub
1397 2561 1506 2624 verbis
1531 2569 1562 2624 et
1585 2562 1645 2625 sub
1669 2583 1756 2648 prae-

363 2659 574 2745 positionibus
607 2660 720 2723 eodem
757 2661 854 2724 modo
886 2684 1067 2748 proponere
1091 2661 1195 2745 nolui3
1225 2686 1287 2726 uno
1310 2663 1382 2726 loco
1406 2663 1438 2726 id
1462 2665 1569 2728 facere
1593 2675 1753 2728 contentus

364 2764 467 2827 altero
506 2754 617 2828 versus
652 2763 782 2850 quidem
820 2766 862 2828 ad
894 2789 993 2830 unum
1031 2751 1140 2832 omnes
1174 2769 1375 2856 enumeravi,
1403 2769 1458 2832 sed
1492 2769 1533 2832 de
1556 2769 1659 2836 verbis
1681 2768 1752 2854 ipsis

365 2868 509 2952 legentes
538 2869 577 2932 ad
611 2871 749 2955 priorem
774 2870 880 2934 locum
911 2872 1074 2939 revocavi,
1119 2873 1201 2936 Tum
1234 2874 1363 2938 nomina
1394 2876 1526 2960 propria
1557 2875 1588 2937 in
1619 2873 1756 2936 Terentii

365 2972 483 3036 tabulis
506 2974 620 3036 iterum
644 2975 825 3060 iterumque
856 2974 953 3038 obvia
988 2998 1091 3061 eaque
1127 2979 1248 3040 minimi
1271 2976 1463 3064 plerumque
1486 2980 1639 3042 momenti
1660 2977 1760 3064 pionis

367 3078 523 3163 exernplis
545 3078 684 3164 probare
708 3101 779 3142 non¹
796 3101 877 3164 opus
902 3102 972 3144 esse
988 3083 1105 3146 censui.
1128 3081 1332 3145 Postremum
1350 3083 1579 3168 particularum
1594 3105 1649 3146 eos
1666 3081 1765 3160 locos,

367 3182 484 3268 quibus
518 3183 594 3246 nihil
630 3205 763 3268 prorsus
797 3186 870 3248 novi
904 3185 944 3248 ad
982 3187 1057 3248 satis
1093 3184 1211 3249 multos
1245 3197 1319 3249 ante
1355 3209 1374 3250 a
1408 3209 1459 3249 me
1495 3187 1674 3272 exscriptos
1709 3184 1764 3247 ad-

366 3290 516 3368 ferretur,
541 3289 729 3352 brevissime
752 3289 922 3374 protulisse
947 3291 1024 3359 satis
1055 3290 1163 3354 habui.
1203 3289 1354 3355 Ceterum
1380 3292 1527 3355 omnibus
1559 3291 1649 3373 locis,
1684 3312 1765 3376 quos

368 3394 533 3478 exscripsi,
566 3393 685 3478 quoad
706 3395 738 3456 in
771 3392 952 3458 fabularum
986 3393 1135 3458 uberiore
1170 3393 1297 3458 dicendi
1331 3418 1450 3480 genere
1474 3395 1563 3458 salva
1586 3395 1766 3458 sententiae

365 3499 594 3583 perspicuitate
617 3497 686 3560 fieri
708 3506 844 3583 poterat,
868 3499 1017 3563 brevitati
1041 3499 1232 3563 serviebam.
1257 3501 1365 3585 Atque
1388 3492 1555 3563 universos
1579 3500 1668 3563 locos
1692 3520 1766 3562 cum

367 3623 410 3664 ox
431 3601 572 3665 Terentii
596 3599 714 3666 fabulis
738 3602 1013 3687 comprehendere
1036 3603 1197 3668 studerem
1223 3605 1268 3690 (id
1296 3603 1446 3690 quodne
1474 3605 1506 3668 in
1539 3604 1769 3689 copiosissimis

366 3705 496 3791 quidem
545 3706 676 3770 vocibus
729 3708 964 3770 accuratiorum
1010 3707 1151 3772 indicum
1197 3708 1325 3793 neglegi
1377 3708 1495 3794 video),
1549 3731 1614 3772 non
1666 3707 1772 3772 semel

367 3811 570 3874 collectiones
604 3829 693 3874 meas
729 3810 920 3874 examinavi.
963 3812 1174 3877 Diversarum
1211 3836 1339 3899 quoque
1361 3814 1463 3877 unius
1495 3813 1557 3876 loci
1591 3813 1770 3876 lectionum

368 3898 538 3996 vocabula,
563 3937 646 4002 quae
670 3915 804 3979 alicuius
835 3917 989 3980 momenti
1022 3926 1104 3998 sunt,
1137 3919 1202 3980 suis
1233 3918 1312 3982 locis
1343 3917 1533 3998 referebam,
1567 3939 1607 3980 ne
1637 3915 1697 3979 sub
1733 3939 1774 3980 ea

367 4022 436 4085 sola
469 4043 559 4102 voce,
595 4043 677 4106 quae
714 4019 790 4083 mihi
820 4030 909 4084 recta
940 4021 1114 4104 videretur,
1146 4023 1269 4109 positae
1301 4021 1451 4104 laterent3
1490 4021 1559 4106 sed,
1590 4043 1631 4084 ne
1661 4043 1772 4083 meam

366 4128 465 4213 ipsius
498 4127 697 4207 sententiam,
733 4125 975 4211 qualiscumque
1006 4136 1100 4209 esset,
1133 4126 1281 4206 celarem,
1313 4127 1428 4212 quibus
1453 4125 1532 4188 locis
1557 4124 1687 4189 dubiam
1713 4122 1771 4189 vel

366 4233 470 4295 minus
502 4229 703 4317 probabilem
738 4231 929 4316 scripturam
960 4253 1012 4294 me
1042 4230 1188 4317 proferre
1216 4231 1406 4311 arbitrabar,
1440 4231 1695 4314 interrogationis
1721 4232 1771 4316 (9)

368 4313 493 4419 signum
518 4333 766 4421 praeponebam.

470 4440 605 4503 Praeter
632 4438 861 4521 voeabula,
879 4447 1035 4524 quotquot
1057 4441 1099 4502 in
1121 4438 1322 4503 Terentii
1345 4437 1503 4503 fabulis
1526 4447 1655 4534 praesto
1679 4437 1772 4521 sunt,

366 4544 528 4612 vocabula
551 4544 666 4630 collegi
690 4567 732 4608 ex
756 4543 1012 4609 didascaliis
1037 4552 1069 4607 et
1092 4543 1205 4629 Sulp.
1227 4541 1498 4629 Apollinaris
1521 4544 1773 4629 periochis,

366 4687 572 4698 ..-.........-..

466 4757 487 4823 ⁹)
506 4757 557 4806 hoo
575 4757 652 4821 quasi
682 4757 848 4821 praeteriens
876 4755 1021 4820 adiungere
1052 4753 1119 4804 mihi
1149 4754 1238 4816 liceat,
1266 4769 1309 4802 me
1340 4753 1532 4802 nominibus
1562 4751 1773 4816 fabularum,

367 4845 492 4908 quoniam
512 4844 592 4893 etiam
612 4847 694 4907 atque
714 4846 796 4892 etiam
813 4848 961 4904 recurrunt,
990 4842 1151 4891 brevissima
1172 4843 1249 4906 signa
1268 4839 1390 4892 dedisse:
1408 4841 1439 4889 A.
1458 4865 1491 4876 -
1517 4837 1643 4900 Andriae,
1675 4839 1711 4890 H.
1731 4867 1768 4878 »-

366 4931 501 4994 Hecyrae
514 4931 562 4983 Ht.
581 4957 612 4967 -
632 4930 742 4978 Hauton
754 4930 819 4991 tim,
832 4929 864 4982 Ε.
884 4958 914 4967 -
933 4929 1074 4990 Eunucho,
1089 4929 1138 4978 Ph.
1158 4955 1190 4965 -
1209 4927 1372 4989 Phormioni,
1385 4926 1435 4976 Ad.
1454 4953 1487 4962 -
1504 4923 1642 4988 Adelphis.
1658 4925 1726 4974 Item
1743 4928 1773 4974 in

366 5016 523 5067 versibus
541 5015 765 5066 numerandis
784 5016 972 5081 simpliciorem
992 5017 1122 5065 rationem
1140 5019 1298 5079 perpetuum
1317 5029 1441 5062 versuum
1460 5027 1599 5061 nnmerum
1619 5012 1773 5075 adferendi,

368 5106 413 5169 qui
432 5107 460 5153 in
479 5105 603 5154 omnibus
621 5105 729 5152 usitatis
748 5103 912 5152 editionibus
930 5105 1043 5168 margini
1072 5104 1204 5167 ascriptus
1237 5107 1285 5163 est,
1315 5101 1429 5164 longiori
1457 5114 1505 5164 per
1530 5104 1613 5160 aetna,
1645 5113 1773 5161 scaenas,

367 5207 461 5241 versus
480 5191 602 5249 antetuli,
622 5207 691 5255 quae
709 5191 779 5241 ratio
799 5192 881 5241 etiam
900 5208 934 5242 eo
953 5191 1161 5253 commendatur,
1180 5189 1252 5255 quod
1270 5189 1297 5238 in
1324 5203 1356 5238 es
1375 5186 1491 5238 editores
1521 5201 1630 5251 perraro
1649 5187 1720 5237 inter
1740 5202 1774 5236 se

370 5280 530 5345 discrepant,
551 5279 708 5343 saepissime
726 5279 756 5328 in
774 5278 868 5329 altera.
