3922 6084
332 491 370 554 10
861 515 1181 576 Quaestionossrei¹ent1anae,
1198 519 1227 570 11,
1243 519 1264 558 5.

327 700 463 764 adulteri
490 705 587 766 ariam
618 725 691 768 cum
716 704 836 770 eodem
866 707 1020 787 Boudeia,
1056 708 1187 786 Orchia,
1212 710 1367 794 Obbari0,
1392 713 1653 800 Dillenburgero,
1678 717 1719 783 al.

327 803 407 868 haec
428 803 602 874 verborum
625 807 832 876 conformatio
852 811 954 892 alteri,
978 835 1043 900 qua
1065 815 1142 884 arsit
1155 814 1302 880 absolute
1318 819 1456 902 positum
1472 821 1522 902 sit,
1538 821 1718 906 praeferen-

328 907 370 971 da
412 917 459 974 est
471 908 507 976 ¹².
552 911 661 996 Atque
683 914 880 1000 frequentias
910 917 1054 1004 profecto
1086 921 1196 986 ardere
1217 923 1348 1008 aliquem
1374 923 1512 1010 (paam)
1536 925 1623 1010 apud
1659 933 1722 992 ‘an-

327 1015 427 1099 tiquos
458 1019 631 1102 sorvptores'
658 1017 770 1101 fuisse,
803 1043 898 1108 quam
930 1045 988 1087 nos
1020 1047 1061 1088 ex
1091 1025 1233 1113 reliquiis
1265 1027 1452 1092 Latinarum
1475 1029 1651 1094 litterarum
1675 1034 1716 1096 ab

325 1118 460 1202 pristina
492 1120 673 1205 integritate
708 1125 785 1188 satis
823 1128 954 1190 remotis
993 1128 1135 1194 iudicare
1172 1154 1353 1218 possumus,
1385 1133 1459 1198 inde
1489 1155 1554 1198 non
1585 1145 1716 1219 temere,

328 1221 434 1302 credo,
459 1225 661 1306 coniecerim,
687 1227 773 1314 quod
795 1229 877 1295 haec
900 1233 987 1316 apud
1020 1233 1169 1314 Gellium,
1200 1236 1300 1322 prisci
1329 1239 1485 1302 sermonis
1515 1240 1717 1319 imitatorem,

326 1335 449 1410 exstat3
480 1331 535 1414 qui
563 1331 594 1394 in
617 1331 712 1398 Noct.
743 1334 810 1399 Att.
835 1333 891 1414 Vl,
917 1337 945 1414 8,
979 1337 998 1402 3
1030 1338 1111 1402 haec
1141 1341 1180 1403 de
1208 1339 1367 1429 delphinis
1398 1343 1509 1406 scribit
1546 1344 1654 1431 Neque
1685 1347 1720 1410 ti

324 1445 505 1520 antaraaat
527 1437 609 1521 qnod
630 1448 701 1502 sant
723 1440 787 1524 apsi
805 1464 909 1526 penas,
933 1443 987 1506 aad
1007 1467 1119 1529 pueros
1135 1446 1247 1531 forma
1270 1447 1394 1512 literali
1413 1450 1448 1511 in
1466 1449 1619 1542 manicatis
1631 1452 1719 1537 forte
1789 1477 1793 1484 ’

323 1547 379 1600 ant
400 1540 434 1602 in
456 1540 545 1603 uadis
568 1539 693 1605 literam
714 1556 881 1632 conspectos
903 1550 992 1612 arinis
1014 1559 1041 1614 et
1064 1551 1207 1614 hamanis
1228 1552 1326 1616 aaut
1355 1565 1506 1616 arserant.
1547 1552 1611 1617 Sed
1640 1557 1718 1640 quid

324 1661 384 1724 ego
407 1641 582 1730 longinqua
604 1649 844 1712 oomntemoro?
867 1649 966 1744 Apud
988 1653 1072 1736 ipsos
1097 1655 1270 1740 scriptores
1293 1656 1415 1741 priscos
1438 1678 1543 1722 nonne
1559 1659 1717 1724 simillimo

289 1797 292 1804 .
323 1765 455 1831 prorsus
483 1745 579 1811 modo
611 1758 642 1812 et
673 1751 832 1816 simillima
859 1758 1024 1836 sententia,
1056 1768 1153 1842 atque
1180 1761 1300 1845 perdite
1328 1761 1436 1826 ardere
1466 1761 1560 1848 atipm
1593 1763 1718 1847 dicitur,

319 1853 424 1936 perire
439 1851 491 1914 vel
506 1853 645 1938 deperire
661 1855 755 1944 alique
771 1858 880 1924 addito
912 1883 1009 1946 saepe
1037 1861 1191 1928 adverbio
1215 1865 1347 1948 epttcam
1364 1865 1411 1952 (id
1427 1875 1475 1930 est
1491 1865 1719 1934 Germanicum

323 1956 462 2020 rtadlich
484 1961 517 2023 ia
530 1963 605 2044 jem
629 1961 753 2026 certicht
774 1964 852 2049 sein)
878 1965 1035 2030 iteratur?
1073 1967 1156 2032 Vide
1179 1969 1282 2032 Plant.
1307 1970 1426 2037 Bacch.
1450 1972 1513 2036 470
1535 1979 1717 2041 meretricem

323 2061 447 2146 indipne
468 2063 585 2148 deperit
616 2064 673 2150 (cf.
698 2064 792 2130 Cure.
815 2069 867 2145 46,
892 2068 963 2151 al.);
995 2065 1069 2134 Ter.
1094 2071 1193 2139 Haut.
1217 2075 1283 2138 tim.
1310 2075 1372 2138 525
1394 2079 1585 2163 atinameqae
1614 2083 1717 2161 miror,

326 2165 431 2230 Clinia
453 2169 531 2230 hcine
552 2171 582 2231 si
600 2170 735 2256 deperit·
758 2169 807 2236 Pl.
832 2173 949 2258 Amph.
974 2177 1037 2242 516
1060 2199 1107 2262 sq.

495 2271 675 2360 Numquam
697 2276 803 2361 edepol
823 2297 1002 2364 qaanrpaam
1023 2282 1179 2345 mortalem
1200 2285 1287 2348 credo
1310 2308 1361 2370 epo
1383 2309 1510 2350 umorem
1531 2311 1623 2352 snam

495 2378 548 2442 Sic
570 2379 703 2464 aspiretim
726 2405 840 2462 antara,
862 2385 992 2468 proinde
1014 2396 1049 2450 at
1071 2387 1118 2449 aa
1140 2398 1168 2451 te
1190 2389 1324 2474 ecflictim
1346 2390 1465 2475 deperit
1471 2415 1485 2471 ‚·

321 2479 421 2545 Poen.
448 2483 530 2548 1098
555 2505 602 2570 sq.
628 2483 704 2569 (949
728 2486 790 2571 sq.)

630 2613 736 2652 earnm
758 2592 807 2654 hic
829 2592 959 2656 (alteram
981 2595 1115 2678 ecflictim
1133 2598 1217 2680 perit

494 2691 602 2778 Neque
624 2718 690 2758 eam
715 2697 875 2758 incestavit
897 2721 1054 2782 armatam„

453 2795 562 2874 Quare
585 2798 615 2860 in
632 2797 831 2862 Phormionis
852 2799 959 2865 locum
982 2801 1025 2881 id,
1049 2801 1137 2886 quod
1153 2803 1323 2866 Arruntius
1341 2802 1454 2867 Celsus
1476 2813 1621 2886 testatur,
1638 2809 1717 2884 reei-

321 2900 474 2985 piendam
498 2923 566 2965 esse
590 2904 769 2966 censuerim
787 2903 817 2970 ¹³.
849 2905 942 2994 Nam,
968 2929 1031 2991 quo
1048 2907 1169 2970 rariora
1191 2916 1256 2970 tam
1279 2909 1410 2992 antiqua
1432 2909 1611 2972 testimonia
1633 2920 1716 2990 sunt,

323 3029 359 3070 eo
382 3008 572 3096 pretiosiora
599 3015 696 3094 atque
719 3010 836 3072 summi
858 3010 1062 3088 aestimanda,
1096 3013 1122 3074 si
1149 3012 1226 3075 nihil
1255 3035 1385 3097 prorsus
1409 3021 1466 3092 est,
1491 3011 1579 3099 quod
1603 3035 1714 3076 eorum

321 3114 501 3176 auctoritati
523 3123 691 3198 repugnat.

450 3217 543 3280 Haec
574 3241 646 3283 curn
676 3219 739 3282 iam
771 3217 995 3306 disputassem,
1027 3221 1132 3284 inveni
1162 3229 1236 3284 ante
1268 3244 1318 3292 me
1351 3221 1415 3288 Gn.
1450 3223 1649 3307 Wagnerum
1682 3223 1715 3284 in

322 3323 557 3387 commentariis
587 3323 629 3386 ad
652 3323 738 3387 hunc
769 3325 875 3388 locum
911 3323 1050 3388 ¹eandem
1084 3327 1304 3411 quaestionem
1340 3329 1472 3390 strictim
1503 3327 1644 3411 attigisse
1675 3335 1718 3398 et,

302 3425 408 3512 ·quod
423 3427 517 3492 valde
540 3427 677 3512 gaudeo,
696 3429 834 3496 ardendi
857 3429 993 3494 verbum
1010 3429 1171 3514 probasse
1187 3429 1220 3496 ¹⁴.
1245 3429 1460 3530 Quamquam,
1477 3455 1535 3496 our
1557 3431 1590 3494 id
1612 3431 1718 3517 ipsum

321 3533 353 3596 in
375 3533 517 3600 Terentii
541 3532 642 3598 verba
665 3555 728 3596 non
752 3535 935 3611 restituerit,
958 3555 1089 3598 cansam
1113 3557 1177 3598 non
1202 3535 1327 3620 detego.

994 3763 1046 3828 II.

451 3915 480 3984 5.
504 3915 544 3979 ln
577 3917 748 3982 vocativi
779 3918 912 3980 formis
950 3917 1186 3982 Graecorum
1218 3915 1408 3978 nominum
1445 3938 1586 4002 propr,
1620 3939 1715 4002 quae

321 4024 355 4086 in
388 4023 622 4088 nominativo
648 4037 702 4088 -er
746 4022 897 4108 syllaba
921 4024 1190 4103 terminantur,
1222 4019 1363 4084 Terentii
1394 4019 1532 4084 editores
1554 4020 1715 4108 plerisque

320 4127 400 4190 locis
423 4151 443 4190 a
458 4127 606 4192 Bembini
630 4112 874 4214 ceterorumque
891 4127 1039 4192 codicum
1064 4127 1223 4212 scriptura
1237 4133 1449 4190 recesserunt
1488 4123 1538 4188 Ne
1562 4123 1718 4212 Umpfen-

321 4231 454 4297 bachius
479 4233 619 4320 quidem,
652 4234 707 4318 qui
728 4233 808 4312 aliis
831 4234 864 4295 in
887 4233 985 4297 rebus
1008 4231 1166 4296 Bembina
1197 4233 1328 4296 nimiam
1356 4231 1454 4296 fidem
1478 4231 1625 4297 tribuisse
1649 4253 1716 4294 sae-

320 4359 427 4423 peque
460 4337 542 4401 iusto
578 4337 683 4401 minus
720 4337 939 4422 aequabilitati
977 4337 1104 4400 dedisse
1136 4359 1267 4422 operam
1300 4334 1435 4414 videtur,
1465 4359 1506 4400 ex
1524 4336 1581 4400 ,illo
1606 4336 1716 4426 codice

320 4442 426 4506 varias
449 4442 588 4507 vocativi
620 4441 739 4506 formas
762 4444 806 4529 (in
839 4468 882 4507 -es
906 4450 937 4506 et
961 4459 988 4505 -a
1012 4441 1177 4526 cadentes)
1202 4448 1236 4505 nt
1266 4442 1426 4526 reciperet
1449 4441 1489 4504 ab
1522 4443 1627 4505 animo
1658 4463 1716 4504 sno

322 4547 496 4632 impetrare
528 4548 641 4634 potuit.
683 4545 769 4610 Dicit
800 4549 882 4610 enim
914 4547 947 4609 in
979 4545 1080 4631 praef.
1111 4567 1142 4629 p.
1175 4563 1301 4613 LXXIII.
1324 4547 1490 4610 Praeterea
1520 4568 1587 4608 cnm
1616 4547 1716 4608 eodem

452 4723 481 4788 ¹²)
500 4738 553 4772 non
571 4737 679 4788 possum
697 4721 810 4786 probare
830 4736 869 4783 ea,
890 4736 959 4786 quae
977 4720 1129 4770 Ladevicus
1148 4719 1182 4768 ad
1200 4719 1279 4784 Verg.
1299 4720 1364 4780 Bac,
1383 4721 1418 4781 ΙΙ,
1452 4723 1464 4768 l
1486 4718 1625 4772 adnotavit
1643 4717 1714 4768 Dare

326 4812 410 4878 Verpit
428 4805 485 4862 bier
503 4811 596 4862 ardere
614 4813 659 4859 mit
671 4809 702 4859 'cI
722 4827 773 4860 aec.
793 4809 839 4858 dar
851 4809 959 4867 Parnon,
973 4807 1024 4872 fiir
1042 4807 1083 4857 die
1098 4805 1211 4856 Jemand
1228 4809 1255 4855 in
1269 4806 1346 4857 Liete
1359 4807 1495 4857 enttraunt
1513 4808 1552 4864 ist,
1571 4805 1709 4863 bertinda,

319 4903 352 4950 aa
371 4901 426 4950 eine
445 4898 490 4949 der
508 4897 590 4947 vietam
610 4897 877 4966 Spraclmeaeranpen
895 4895 931 4945 V!
944 4913 973 4956 a,
992 4896 1080 4944 Harae
1099 4897 1234 4944 carati-niti
1253 4894 1345 4944 ardere
1363 4897 1392 4942 in
1410 4893 1493 4943 diener
1506 4893 1658 4958 Bedeatnnp
1670 4895 1715 4941 mit

321 4988 345 5038 d.
366 4987 425 5046 att,
447 4985 513 5036 Ouid
529 4988 574 5034 nait
592 4988 621 5033 in
638 4983 693 5033 aad
711 4984 735 5034 d.
755 4983 857 5033 aue-
881 4983 910 5048 ¹³)
936 4983 968 5043 ei,
988 4983 1033 5046 qui
1057 4982 1122 5030 item
1140 4982 1168 5029 in
1186 4997 1211 5032 v.
1231 4983 1289 5041 109,
1310 4980 1356 5029 ubi
1378 4981 1455 5044 qnasi
1474 4978 1509 5028 ad
1526 4979 1617 5044 priora
1634 4979 1718 5044 veiha

320 5076 466 5138 respiciens
486 5072 555 5122 Geta
573 5071 642 5132 arte,
661 5073 755 5136 inquit,
775 5073 827 5134 ‘pat
844 5071 917 5120 ittam
937 5067 1198 5132 attrahatfidicinam',
1224 5067 1332 5118 ardebat
1345 5065 1526 5130 reponendum
1552 5082 1610 5116 esse
1629 5071 1713 5132 putet,

321 5178 375 5226 non
394 5161 610 5225 repugnaverim
638 5164 729 5208 tamen
755 5157 806 5206 hoc
832 5155 975 5222 neglegere
999 5172 1051 5205 non
1078 5155 1142 5205 licet
1163 5156 1318 5205 Terentium
1345 5154 1428 5204 verba
1453 5153 1569 5203 libenter
1593 5155 1712 5204 variasse

321 5253 402 5312 atque
418 5247 470 5296 hoc
488 5249 545 5312 ipso
564 5245 622 5296 loco
640 5245 775 5296 fidicinam
793 5259 839 5308 pro
859 5243 1020 5293 citharistria
1039 5243 1145 5295 dixisse.
1160 5271 1192 5281 -
1208 5243 1238 5308 1⁴)
1258 5241 1352 5290 scribit
1371 5241 1473 5290 enimi
1488 5241 1520 5292 do
1538 5246 1581 5294 aet
1597 5257 1639 5292 rae
1656 5238 1712 5301 wip

321 5351 359 5392 we
385 5334 479 5386 rtazrtd
503 5340 547 5385 aot
574 5333 654 5383 adurit
682 5331 874 5384 arderatum
900 5329 941 5380 tte
964 5336 1023 5380 teat.
