3922 6084
691 547 854 600 prolegomena
868 545 895 592 ad
909 544 997 590 lexicon
1012 545 1176 589 Terentianum.
1578 519 1619 586 33

222 753 305 807 corto
334 743 466 827 eiusque
491 763 651 861 comppss
688 751 720 807 et
748 753 845 808 voster
876 750 908 806 et
943 763 1025 828 quae
1059 747 1132 805 sunt
1163 735 1288 819 similia,
1318 730 1433 798 deinde
1466 757 1488 798 u
1517 731 1620 817 proi

222 869 349 946 semper
365 849 396 909 in
414 847 598 932 supert‘la
558 871 617 912 rvrs
641 857 672 910 et
697 847 926 928 numeralibus,
950 855 985 910 ut
1007 847 1157 923 demontus,
1181 864 1428 928 recuperaremus,
1452 839 1482 901 in
1506 834 1617 899 formis

221 951 369 1031 lacrumo,
394 951 538 1030 lacrumo,
563 962 706 1033 cestuum,
731 955 886 1031 ιιιίιιιιιιιι,
921 952 951 1014 in
985 950 1063 1015 lubet
1085 961 1113 1014 et
1132 940 1285 1014 tabmofl.
1323 943 1437 1030 Neque
1461 941 1617 1028 Umpfen·

223 1054 417 1119 bachium
409 1078 441 1119 m
472 1077 509 1120 eo
539 1057 679 1120 imitatus
711 1079 791 1140 sum,
825 1055 911 1143 quod
936 1062 1059 1119 constat
1046 1053 1142 1118 tsibi
1165 1053 1323 1138 quidem
1307 1073 1346 1115 m
1361 1048 1495 1114 formis·
1503 1047 1619 1113 icadas

225 1158 403 1223 scribendis
427 1169 524 1246 atque
548 1161 641 1224 etiam
667 1170 779 1225 contra
795 1159 985 1224 Bembinum
1012 1159 1061 1245 (ut
1076 1157 1251 1224 inPhorm.
1278 1157 1352 1233 831,
1374 1154 1447 1237 890,
1471 1151 1537 1241 ab),
1561 1149 1618 1216 sed

223 1285 295 1328 cum
324 1263 436 1326 eodem
470 1263 578 1328 codice
611 1265 693 1329 inter
725 1264 1092 1330 terminationes-cadus
1122 1263 1287 1327 et-uudus
1317 1268 1497 1324 ceterorum
1520 1255 1615 1343 parti-

223 1369 376 1456 cipiorum
408 1367 559 1451 fluctuat3
594 1370 691 1432 immo
723 1369 824 1433 solam
849 1368 932 1432 hanc
955 1369 1091 1449 servavi,
1116 1367 1236 1453 quippe
1261 1365 1397 1450 quaein
1420 1363 1533 1450 partic.
1557 1359 1615 1424 fut.

221 1495 305 1558 pass.
338 1475 478 1538 omnium
511 1474 624 1538 tertiae
655 1485 687 1538 et
717 1483 860 1561 quartae,
891 1494 987 1560 quam
1018 1478 1148 1553 vocant,
1182 1469 1411 1553 coniugationis
1443 1465 1616 1532 verborum

222 1585 351 1664 pr·aete1
383 1599 430 1655 ea,
463 1600 598 1664 quorum
630 1578 762 1643 radix
754 1601 787 1642 ιιι
809 1603 840 1660 a,
866 1603 915 1666 qa,
939 1601 959 1641 o
982 1578 1058 1658 exit,
1092 1573 1179 1662 apud
1202 1573 1409 1638 Plautumet
1426 1570 1616 1636 {Ferentium

221 1693 306 1747 esset
335 1685 432 1748 usitat
419 1683 499 1749 ta¹8
543 1684 669 1748 Deinde
701 1683 861 1771 simplices
893 1683 1088 1768 pronominis
1120 1679 1363 1746 demonstrativi
1390 1677 1556 1755 formast,
1578 1689 1615 1752 te,

220 1788 277 1872 (ita
299 1809 355 1851 eas
379 1787 534 1851 differten
513 1796 576 1851 trae
600 1810 698 1853 eausa
720 1809 850 1875 semper
873 1786 1076 1872 significavi),
1101 1784 1203 1850 ubi
1179 1807 1247 1849 sive
1272 1785 1303 1847 in
1328 1780 1494 1848 codicibus
1509 1769 1617 1842 insunt

220 1891 287 1955 sive
311 1899 399 1955 certa
422 1914 532 1958 earum
555 1893 688 1976 vestigia
711 1900 887 1978 apparent,
900 1913 959 1977 pro
982 1891 1150 1976 geminatis
1179 1893 1214 1970 ii,
1244 1891 1286 1956 iis
1317 1887 1443 1974 recepi,
1475 1904 1616 1969 namque

219 2003 346 2060 veteres
369 1999 467 2078 auti,
491 1998 519 2060 is
541 2005 596 2060 aut
618 1999 654 2077 ei,
679 1999 723 2061 eie
752 1995 909 2083 probasse
940 2003 1028 2059 certa
1058 2017 1109 2060 res
1134 1993 1228 2058 est¹².
1261 1993 1307 2058 Ut
1329 1995 1392 2056 iam
1417 1991 1458 2056 ad
1482 2011 1614 2055 conso-

221 2109 356 2164 nantes
387 2109 559 2192 transeam,
593 2100 695 2164 eidem
729 2100 926 2165 constantiae
960 2097 1065 2163 studio
1097 2098 1252 2178 concessi,
1286 2097 1373 2184 quod
1404 2120 1424 2160 a
1451 2096 1616 2183 scripturis

220 2229 289 2290 ops,
315 2205 450 2292 upsoloo,
476 2229 597 2292 apsaro,
621 2227 756 2292 opsecro,
780 2207 957 2290 opetipeeco,
982 2215 1166 2290 optempero,
1190 2204 1334 2290 optando,
1360 2213 1447 2290 aput,
1461 2212 1513 2278 oet,
1530 2203 1617 2281 boot,

220 2310 308 2390 aliut,
331 2310 409 2389 illut,
433 2310 542 2396 adque,
567 2309 672 2395 adqui,
700 2312 768 2372 siaa
792 2307 940 2374 abstinui.
965 2307 1054 2388 Quas
1077 2309 1206 2390 formas,
1231 2329 1427 2395 quamquam
1442 2309 1569 2395 saepius
1585 2308 1616 2369 in

219 2413 376 2476 Bembino
388 2411 415 2451 ²⁰
430 2415 561 2498 reperiri
578 2412 738 2492 videbam,
754 2435 859 2499 neque
876 2413 988 2477 iniuria
1005 2435 1115 2477 earum
1132 2413 1315 2499 complures
1330 2415 1375 2477 ita
1390 2413 1527 2498 scriptas
1544 2432 1614 2475 esse

221 2517 374 2599 sciebam,
397 2526 505 2581 tamen
528 2539 601 2582 cum
624 2516 847 2600 Fleckeiseno,
874 2517 1047 2602 Wagnero,
1079 2516 1150 2581 aliis
1172 2517 1298 2601 vulgari
1323 2517 1499 2602 scripturae
1528 2526 1614 2601 post-

219 2621 390 2687 habebam.
414 2620 458 2684 Et
481 2620 584 2684 altera
607 2621 683 2684 mihi
708 2630 776 2686 erat
799 2643 906 2704 causa,
931 2644 989 2686 cur
1005 2643 1063 2707 pro
1079 2621 1190 2686 formis
1207 2621 1239 2685 in
1253 2620 1412 2686 Bembino
1428 2621 1516 2684 varie
1532 2621 1614 2684 inter

220 2749 255 2790 se
279 2729 491 2808 commutatis,
515 2725 604 2790 velut
625 2725 700 2812 quid
723 2735 754 2789 et
776 2729 853 2812 quit,
876 2728 901 2790 u
923 2735 955 2790 et
976 2727 1020 2809 id,
1043 2727 1085 2796 ad
1110 2734 1142 2790 et
1162 2738 1194 2792 ot
1207 2724 1259 2803 vel
1278 2733 1462 2789 constanter
1477 2726 1615 2810 scriptis,

218 2840 253 2895 ut
275 2832 356 2916 quod
378 2853 437 2917 pro
461 2842 540 2917 quot,
558 2830 683 2916 aliquod
697 2852 756 2916 pro
773 2831 896 2916 aliquot,
911 2833 1045 2896 usitatas
1068 2832 1250 2912 retinerem,
1273 2828 1357 2893 hano
1381 2828 1463 2912 dico,
1487 2852 1528 2893 ne
1553 2828 1617 2892 illis

220 2936 357 3020 receptis
381 2945 436 2999 aut
461 2935 589 3020 saepius
606 2935 795 2998 sententiam
810 2936 913 3021 ipsam
929 2934 1114 3019 ambiguam
1132 2935 1185 3000 vel
1201 2934 1419 2998 obscuriorem
1443 2933 1614 2998 redderem

221 3047 276 3102 aut
298 3038 458 3121 vulgares,
482 3039 598 3124 quibus
621 3040 697 3104 istas
720 3040 840 3104 formas
874 3040 1083 3127 explicarem,
1117 3040 1292 3126 adiungere
1322 3060 1504 3123 cogerer
1450 3039 1492 3080 ²¹
1545 3039 1615 3103 Has

218 3141 378 3207 similesve
411 3141 565 3206 lectiones
597 3145 656 3206 etsi
685 3165 849 3229 nunquam
882 3149 1001 3231 recepi,
1035 3167 1092 3210 suo
1121 3166 1282 3232 quamque
1313 3143 1397 3228 loco,
1428 3145 1615 3230 priusquam

219 3245 368 3334 exempla
390 3245 486 3332 plena
508 3246 678 3328 adferrem
701 3257 851 3312 accurate
876 3250 1013 3314 enotavi
1682 3230 1685 3246 .

320 3376 415 3442 Nunc
433 3397 475 3442 ex
491 3383 678 3463 quaestione
702 3375 889 3442 difficillima
913 3378 952 3442 de
984 3378 1262 3445 assimilatione
1285 3381 1614 3467 praepositionum

217 3497 299 3546 oum
323 3479 451 3546 verbis
483 3489 520 3545 et
549 3483 765 3548 nominibus
796 3485 1093 3571 compositarum
1127 3484 1396 3566 commemorabo,
1428 3487 1460 3549 in
1499 3485 1615 3570 quibus

216 3585 314 3651 rebus
346 3585 544 3674 aliquantum
575 3587 616 3651 ab
649 3587 822 3653 editoribus
846 3589 1036 3676 quibusdam
1061 3589 1115 3653 vel
1138 3591 1286 3654 omnibus
1302 3589 1462 3654 dissentio.
1487 3589 1524 3652 ln
1547 3591 1614 3652 uni·

217 3713 346 3756 versum
379 3703 485 3756 autem
518 3693 653 3758 eandem
685 3693 753 3758 fere
785 3695 950 3772 rationem,
985 3704 1082 3780 atque
1104 3693 1167 3762 Ph.
1191 3693 1357 3780 Wagner
1372 3692 1400 3734 ²²
1428 3695 1460 3759 in
1483 3693 1615 3777 Vergilii

217 3795 411 3862 carminibus
425 3807 457 3862 et
472 3797 702 3862 Fleckeisen
711 3823 756 3863 us
768 3798 796 3838 ²3
811 3800 842 3864 in
852 3799 957 3864 Plauti
968 3799 1086 3865 fabulis
1098 3798 1304 3863 recensendis
1318 3822 1352 3863 se
1364 3801 1504 3863 tenuisse
1517 3797 1613 3884 profi-

216 3911 332 3983 tentur,
350 3902 534 3986 observavi3
551 3903 688 3989 optimos
706 3906 790 3969 enim
807 3904 936 3970 codices
952 3906 998 3968 ita
1013 3914 1142 3970 secutus
1159 3928 1239 3984 sum,
1257 3913 1292 3968 ut
1308 3903 1568 3968 assimilationem
1581 3903 1612 3966 in

216 4006 331 4088 quibus
344 4006 451 4070 verbis
464 4008 584 4093 ubique
596 4011 791 4096 praepositio
810 4019 934 4074 mutata
949 4019 1035 4074 esset
1049 4010 1230 4088 retinerem,
1247 4030 1433 4094 respuerem
1450 4009 1480 4071 in
1497 4007 1612 4091 quibus
1639 4068 1641 4077 ,

218 4111 488 4195 praepositionem
505 4113 663 4196 integram
679 4117 834 4180 mansisse
851 4114 985 4199 singulis
1001 4116 1053 4180 vel
1067 4112 1213 4200 pluribus
1236 4111 1393 4199 exemplis
1410 4110 1612 4199 probaretur.

216 4275 421 4286 -—--—-.....

321 4381 349 4448 ¹²)
365 4383 421 4445 sed,
441 4385 567 4447 qnoniam
593 4400 673 4451 quam
687 4384 719 4436 ob
733 4401 788 4436 rem
800 4385 943 4449 Fleckeis,
961 4383 1094 4446 Daiatzk.‚
1109 4385 1143 4434 al.
1158 4385 1185 4434 in
1200 4383 1249 4437 Ph.
1276 4386 1324 4435 702
1347 4391 1440 4452 cpntra
1452 4386 1612 4436 Bembinum

214 4471 337 4535 compleo
356 4475 382 4519 et
401 4486 461 4520 oum
481 4485 512 4520 eo
532 4473 688 4537 ocupabicru,
707 4475 904 4540 mapaificeutio,
930 4474 987 4523 sim.
1011 4473 1161 4538 receperint
1191 4474 1293 4537 ignoro,
1323 4473 1350 4521 in
1368 4476 1481 4537 utraque
1499 4473 1613 4522 formai

214 4559 405 4607 retineam—
372 4557 458 4624 -—¹⁸)
478 4558 510 4610 ef.
523 4559 607 4622 Neue,
626 4558 662 4623 ΙΙ,
681 4576 707 4625 p.
720 4563 771 4612 452
790 4578 898 4627 sqq-
921 4561 950 4626 19)
970 4577 996 4614 v.
1009 4560 1137 4610 Ritschel.
1156 4559 1232 4625 pr.oll
1246 4561 1319 4610 'Prin
1338 4577 1365 4625 p.
1385 4563 1418 4611 98
1438 4567 1464 4610 et
1477 4562 1613 4612 Fleckers

216 4646 293 4710 epist.
316 4647 374 4694 crit.
392 4661 418 4711 p
437 4626 1413 4714 9.-20)atnequaquamsemper3min11sigitureameinPhorm.
1440 4647 1503 4701 edit
1535 4665 1560 4712 p.
1579 4650 1612 4699 28

213 4732 345 4782 Daiatako
364 4731 488 4785 adfirmat
507 4733 569 4784 ‘B
558 4753 586 4784 ιιι
605 4735 637 4786 ab
655 4736 711 4786 aaa
728 4738 758 4786 ob
775 4735 834 4802 pelet
850 4752 940 4800 corp,
959 4754 971 4786 s
990 4736 1045 4786 aad
1063 4743 1072 4786 t
1090 4739 1153 4799 top
1171 4736 1250 4788 tibcr’.
1270 4735 1320 4784 His
1337 4751 1397 4786 eum
1409 4735 1498 4785 verbis
1510 4735 1612 4790 formae

214 4818 342 4882 plurimae
361 4826 491 4886 pugnant,
517 4838 583 4887 quas
602 4823 659 4888 ipse
678 4824 706 4872 in
725 4823 832 4874 Phorm.
854 4829 880 4873 et
898 4822 1011 4889 Adelph.
1032 4823 1093 4873 edit.
1114 4823 1274 4874 Bembinum
1293 4827 1402 4872 secutus
1425 4824 1538 4888 recepit:
1567 4823 1612 4872 aba

213 4904 261 4953 Ph.
275 4908 333 4968 378,
347 4910 405 4970 617,
419 4911 476 4973 735,
492 4909 543 4962 Ad.
554 4913 619 4975 254,
638 4910 731 4974 ubsque
742 4912 792 4962 Ph.
807 4913 869 4975 188,
888 4912 976 4961 abacos
988 4910 1037 4960 Ph.
1052 4914 1111 4972 118,
1125 4913 1184 4973 258,
1197 4912 1257 4972 372,
1269 4912 1329 4970 375,
1342 4912 1401 4972 450,
1415 4909 1464 4976 al.;
1483 4909 1612 4960 absolvam

212 4990 263 5038 Ad.
282 4995 347 5057 277,
373 4995 473 5048 obsecro
495 4995 543 5047 Ph.
569 5000 626 5059 112,
651 4999 709 5062 taz,
734 5000 792 5060 319,
816 5001 874 5061 803,
897 5001 963 5063 944,
982 5000 1123 5063 obstipuisti
1145 4998 1194 5048 Ph.
1214 5000 1278 5061 991,
1297 4997 1460 5062 obstupefecit
1479 4997 1525 5049 Plr.
1545 5000 1613 5062 284,
1718 5041 1724 5052 .

214 5075 315 5140 obsequi
341 5079 391 5134 Ph.
416 5084 458 5145 79,
483 5083 532 5136 Ad.
555 5087 596 5146 33,
616 5087 679 5148 224,
697 5089 778 5150 atque
797 5085 864 5136 adeo
884 5086 933 5136 lras
952 5091 1045 5136 contra
1064 5087 1156 5135 Bemb.
1181 5085 1286 5137 scribit:
1314 5083 1552 5136 nascendam
1574 5085 1612 5149 (at

213 5180 266 5226 opo.
293 5164 343 5214 Ph.
370 5169 444 5234 209),
471 5171 615 5222 absoluitote
639 5171 689 5221 Ad.
720 5174 785 5236 282,
816 5173 941 5224 obtulerat
967 5174 1016 5224 Ad.
1045 5175 1109 5238 308,
1137 5173 1250 5223 obtulisti
1279 5170 1328 5225 Ad.
1359 5175 1423 5236 322,
1460 5172 1611 5236 obtemperet

212 5251 262 5300 Ad.
276 5253 334 5315 434,
354 5253 388 5303 al.
409 5283 438 5292 -
459 5255 491 5322 ²¹)
503 5258 532 5307 id
550 5259 621 5322 quod
639 5260 703 5310 fecit
715 5261 856 5326 Daiatzko,
876 5277 900 5310 v.
921 5263 977 5314 eius
997 5261 1096 5312 adnott.
1118 5261 1152 5311 ad
1164 5260 1213 5313 Ph.
1227 5275 1252 5309 v.
1268 5262 1324 5324 159,
1344 5262 1401 5324 705,
1421 5262 1480 5322 832,
1500 5261 1558 5321 900,
1577 5257 1610 5308 al.

213 5365 245 5375 -
265 5339 297 5408 ²²)
318 5341 345 5388 in
364 5341 480 5408 orthogr.
499 5346 645 5413 Vergilian.
664 5363 688 5413 p.
708 5350 758 5399 406
778 5364 817 5412 sq.
837 5375 867 5388 -—
889 5348 920 5414 ²³)
939 5350 968 5398 in
989 5351 1066 5413 epist.
1087 5350 1170 5398 critic.
1189 5363 1216 5412 p.
1235 5347 1306 5398 xlv.

1438 5436 1455 5484 3
