3962 6086
331 522 373 586 22
821 543 971 593 ousssccnm
985 539 1142 596 Terentianae,
1156 545 1198 596 111,
1213 547 1233 585 ¹1.

332 736 457 829 sumina
480 733 595 819 prioris
625 733 799 798 sententiae
823 733 956 810 iteratur
979 743 1011 799 01
1034 745 1179 821 augetur.
1226 737 1310 802 Nam
1342 746 1377 801 ut
1407 737 1481 819 loci,
1521 739 1632 824 quales
1660 746 1734 803 sunt

332 835 414 904 Enn.
438 844 518 924 trag.
542 837 606 902 384
629 859 677 924 sq.
701 837 788 923 (Va,
813 839 875 904 293
899 862 946 926 sq.
968 839 1045 926 Rb.)
1082 841 1122 904 Te
1144 843 1247 928 ipsum
1269 843 1325 906 boc
1346 852 1462 927 oportet
1491 846 1677 931 profiteri
1704 854 1736 908 et

327 940 532 1030 proloqui
561 942 723 1007 odomsnm
756 942 843 1008 illam
871 945 957 1024 mibi,
987 954 1042 1009 aut
1067 943 1105 1008 L.
1132 942 1228 1010 Corn.
1253 945 1408 1010 Sisennae
1442 946 1512 1012 bist.
1538 949 1575 1013 t'r.
1600 949 1642 1012 64
1666 946 1733 1033 (P.)

332 1045 557 1132 conolobctc'
570 1054 614 1128 ¹et
635 1045 800 1110 collecti
820 1057 1003 1134 concrepant
1032 1050 1137 1129 armis,
1162 1050 1278 1112 nemini
1302 1049 1409 1112 adhuc
1432 1050 1599 1116 offensioni
1631 1047 1730 1132 erant,

333 1151 380 1214 sic
405 1147 575 1237 displicere
599 1171 662 1214 non
687 1172 781 1236 posse
801 1161 888 1237 ‘puto
917 1152 990 1216 hos:
1021 1153 1124 1218 Plaut.
1158 1153 1260 1220 Mero.
1285 1155 1346 1218 681
1385 1155 1588 1242 disperii,
1615 1157 1737 1241 perii

333 1255 468 1336 misero;
506 1275 589 1340 quae
629 1253 732 1319 verba
768 1276 787 1318 a
822 1254 972 1320 Terentio
1008 1263 1196 1343 repetuntur
1236 1259 1268 1322 in
1304 1257 1403 1324 Haut.
1440 1260 1506 1326 tim.
1545 1260 1628 1341 4043
1667 1259 1732 1322 huc

335 1357 420 1422 adde
442 1357 525 1423 Eun.
549 1359 612 1423 377
643 1383 699 1446 coe
728 1384 832 1425 eamne
861 1363 941 1425 intro
963 1363 1121 1428 nunciam:
1145 1386 1223 1426 orno
1244 1386 1298 1442 me,
1329 1363 1478 1442 abduc,
1509 1364 1600 1442 duc,
1634 1387 1731 1449 qnan-

336 1474 402 1528 tcm
429 1474 538 1550 potest.
585 1464 690 1530 Certis
722 1467 818 1550 igitur
859 1465 1036 1550 exemplis,
1070 1488 1153 1552 quae
1182 1467 1249 1531 sine
1280 1465 1376 1530 dubio
1408 1465 1626 1554 compluribus
1662 1467 1731 1532 aliis

335 1568 447 1654 augeri
476 1576 619 1654 possunt,
653 1569 705 1632 hic
739 1592 816 1634 usus
849 1569 937 1656 apud
976 1571 1100 1657 priscos
1130 1570 1311 1638 fabularum
1359 1573 1532 1658 scriptores
1563 1572 1735 1636 confirma·

335 1679 396 1736 tur.
440 1669 535 1736 Tales
567 1681 675 1736 autem
706 1672 927 1760 copulationes
955 1684 1030 1761 apte
1062 1697 1103 1742 ex
1135 1699 1269 1763 magna
1292 1679 1369 1758 eius,
1404 1677 1460 1763 qui
1484 1676 1618 1764 loquens
1642 1676 1733 1741 indu·

336 1777 427 1860 citur,
456 1777 570 1840 animi
598 1779 853 1842 commotione
875 1779 1132 1866 proficiscuntur.
1166 1781 1275 1860 Quare
1308 1784 1339 1846 in
1372 1781 1465 1845 huius
1496 1781 1624 1866 generis
1656 1780 1734 1846 locis

336 1881 516 1954 tractandis
551 1882 730 1947 cautionem
764 1882 917 1948 adhibere
947 1883 1111 1967 debemus,
1143 1908 1183 1950 ne
1211 1887 1331 1974 ubique
1361 1887 1496 1950 alterum
1529 1886 1663 1952 verbum
1693 1908 1733 1950 ex

337 1985 609 2072 interpretatione
632 1989 833 2073 grammatici
855 1989 1040 2075 posterioris
1056 1999 1168 2056 ortum
1193 2015 1262 2057 esse
1286 1994 1462 2079 opinemur.
1497 1992 1571 2055 Hoc
1595 1989 1635 2054 de
1661 1991 1736 2054 solis

337 2091 375 2154 iis
401 2090 478 2156 locis
501 2101 598 2174 recte,
623 2101 710 2180 pute,
735 2102 919 2172 statuemus
952 2095 1068 2180 quibus
1098 2095 1245 2162 additum
1274 2097 1408 2163 verbum
1440 2097 1577 2184 simplex
1601 2117 1642 2158 ex
1667 2117 1735 2158 cra-

341 2197 434 2263 tionis
458 2198 637 2262 concitatae
660 2199 781 2285 impetu
805 2199 959 2285 explicari
983 2202 1102 2286 nequit.
1128 2201 1192 2268 Sed
1218 2203 1337 2286 nescia,
1361 2224 1437 2266 num
1460 2210 1548 2266 recte
1571 2200 1632 2266 viri
1648 2199 1735 2264 docti

337 2326 368 2370 v.
392 2303 455 2368 802
479 2303 510 2366 in
533 2301 640 2367 Plauti
664 2301 849 2367 Trinummo
916 2363 918 2372 ,
1440 2364 1442 2372 ,

246 2401 319 2512 ΡΤἚ
516 2405 601 2482 Quid
622 2431 702 2472 acccc
724 2411 814 2472 smel
836 2410 911 2496 qnia
933 2419 968 2474 tn
987 2412 1057 2474 binc
1078 2421 1105 2474 te
1129 2435 1247 2476 nncocca
1269 2423 1296 2476 et
1317 2424 1346 2482 10
1367 2414 1487 2477 0100001

264 2541 310 2580 eoa.
339 2520 524 2598 corruptum
548 2511 769 2577 iudicaverint.
794 2514 898 2594 Quem
923 2535 1052 2578 versum
1078 2537 1271 2602 quamquam
1297 2517 1427 2580 Brixius
1452 2516 1672 2578 Hermannum
1701 2524 1732 2578 et

337 2615 545 2680 Ritschelium
577 2625 707 2680 secutus
737 2618 781 2681 ita
816 2619 1020 2682 constitutum
1058 2620 1181 2704 recipit,
1214 2628 1320 2682 tamen
1356 2630 1387 2682 et
1418 2642 1529 2682 sanum
1564 2627 1596 2680 01
1625 2617 1668 2678 ad
1702 2615 1734 2678 id

245 2703 248 2710 ¹
336 2730 465 2807 tempus
488 2719 686 2807 probabilius
717 2725 922 2786 emendatum
955 2745 1025 2786 esse
1048 2731 1154 2807 negat.
1190 2722 1262 2786 Hac
1294 2722 1422 2806 quidem
1446 2723 1476 2784 in
1499 2743 1535 2782 re
1558 2719 1601 2782 illi
1625 2741 1731 2782 essen-

337 2826 399 2889 tior
430 2847 535 2911 neque
564 2825 752 2911 Seyfferti⁵¹
785 2827 967 2891 coniectura
997 2829 1072 2912 qum
1102 2837 1136 2890 to
1169 2829 1239 2892 binc
1268 2849 1387 2891 onsoces
1418 2827 1467 2890 ted
1499 2828 1594 2907 00100,
1629 2846 1734 2908 neque

338 2930 460 2995 Loewii
472 2928 498 2968 ⁵²
523 2929 672 3014 graviore
688 2931 861 2993 mutatione
878 2933 952 3016 qnia
969 2941 1003 2994 tc
1026 2933 1095 2995 binc
1117 2933 1160 2996 od
1182 2933 1383 2996 thensaurum
1404 2941 1431 2994 tc
1445 2931 1565 2994 rricirres?2
1589 2951 1651 2991 acu
1666 2949 1735 2989 rem

337 3042 456 3098 tactam
481 3056 560 3098 esse.
586 3033 736 3120 Namque
760 3035 898 3120 primum
922 3035 1008 3119 quod
1025 3035 1165 3117 Loewio‚
1182 3037 1250 3099 viro
1268 3035 1460 3114 doctissimo,
1480 3031 1628 3119 displicet
1643 3053 1730 3094 arno·

338 3137 433 3204 vendi
470 3136 605 3203 verbum
643 3138 736 3202 tertio
774 3145 847 3202 ante
884 3160 982 3202 versu
1018 3164 1131 3220 servos,
1180 3140 1310 3206 00011100
1349 3163 1464 3204 norece
1495 3137 1635 3224 positum
1678 3135 1729 3197 hic

338 3245 451 3330 repeti,
475 3242 552 3306 mihi
574 3241 724 3329 colloquii
746 3241 847 3305 fusius
878 3242 1004 3307 dicendi
1036 3267 1137 3329 genus
1170 3244 1354 3330 respicienti
1385 3242 1557 3308 molestum
1595 3249 1737 3322 nonest,

340 3349 528 3435 praesertim
553 3370 625 3413 curn
649 3345 702 3412 vel
726 3369 774 3429 ea,
799 3369 883 3434 quae
905 3348 975 3434 ipse
998 3350 1138 3418 inserere
1162 3349 1231 3414 vult
1256 3349 1298 3414 nol
1312 3352 1531 3441 'thensoro-am)
1556 3369 1618 3409 uno
1641 3367 1739 3409 versu

338 3463 411 3517 ante
440 3452 530 3518 illum
562 3453 628 3518 Abi
659 3455 702 3518 od
732 3458 935 3519 tbensommm
964 3455 1029 3518 lunc
1058 3455 1216 3540 confestim
1248 3454 1422 3518 clanculum
1455 3452 1576 3538 scripta
1597 3449 1735 3515 videam.

337 3557 433 3638 Tum,
456 3558 604 3645 quoniam
629 3558 668 3621 de
691 3557 842 3623 thesauro
867 3558 974 3621 statim
997 3557 1179 3622 effodiendo
1203 3579 1222 3620 a
1246 3581 1343 3622 versu
1375 3559 1446 3622 783.
1480 3556 1592 3640 agitur,
1617 3555 1734 3617 nemini

339 3660 536 3726 audientium
576 3662 793 3747 legentiumve
835 3660 966 3725 dubium
999 3661 1097 3724 fuisse
1127 3661 1179 3726 vel
1213 3685 1283 3727 esse
1320 3670 1407 3746 puto,
1441 3660 1517 3746 quin
1550 3680 1633 3744 quae
1666 3665 1738 3743 post

338 3769 413 3852 quin
435 3778 472 3831 tc¹
492 3769 562 3832 binc
583 3778 611 3830 te
632 3789 751 3830 amoves
774 3766 893 3851 scripta
918 3772 993 3828 sunt
1014 3765 1116 3830 verba
1132 3769 1232 3853 operi,
1255 3767 1398 3852 deprome
1413 3765 1483 3829 inde
1505 3765 1580 3828 occi
1591 3811 1598 3824 .
1614 3813 1620 3826 .
1636 3815 1641 3828 .
1659 3763 1740 3848 qnod

340 3881 389 3934 cot
418 3881 462 3934 est
496 3869 538 3934 ad
572 3868 710 3934 cundem
755 3869 842 3934 illum
879 3870 941 3934 sint
976 3869 1154 3934 referenda.
1201 3868 1328 3935 Deinde
1366 3868 1467 3934 verba
1498 3865 1669 3932 amovendi
1702 3875 1734 3928 et

341 3972 568 4038 movendihic
592 3973 852 4040 eadem1·atione
880 3974 988 4038 iuncta
1011 3983 1085 4038 sunt
1116 3985 1214 4061 atque
1246 3973 1316 4054 illis,
1354 3994 1434 4059 quos
1465 3993 1563 4058 supra
1596 3993 1736 4034 comme-

341 4079 549 4158 manavimus,
562 4078 650 4145 locis.
674 4077 788 4144 Nonne
805 4077 1031 4163 Megaronides
1049 4078 1199 4142 Calliclis
1213 4079 1417 4144 cunctatione
1448 4076 1627 4152 Quidnam
1649 4079 1736 4141 siml

343 4181 581 4246 stomachatur?
609 4204 672 4246 non
695 4184 743 4246 ira
765 4191 944 4247 commotus
969 4184 1074 4246 statim
1098 4185 1214 4248 acriter
1244 4186 1276 4248 in
1309 4205 1381 4248 eum
1411 4181 1570 4246 invehitur
1601 4183 1675 4268 quin
1706 4191 1740 4243 tn

343 4290 413 4352 binc
443 4298 471 4352 10
501 4309 621 4352 creoceo
655 4298 682 4350 et
711 4299 739 4352 te
769 4291 890 4352 croces?
906 4286 933 4326 ⁵³
962 4288 1172 4374 Anaphoram
1204 4297 1310 4353 autem
1343 4286 1538 4373 pronominis
1567 4297 1595 4350 te
1617 4294 1739 4349 tantum

343 4392 445 4472 abest,
480 4399 515 4455 ut
537 4391 680 4478 ineptam
704 4413 775 4455 esse
810 4391 950 4474 credam,
983 4400 1028 4473 ut,
1060 4393 1084 4454 si
1118 4393 1289 4473 omittatur,
1320 4390 1512 4456 desiderem.
1551 4390 1634 4454 Nam
1659 4389 1740 4452 haec

343 4497 410 4561 fere
434 4496 590 4560 sententia
613 4494 831 4580 Megaronidis
856 4496 965 4561 verbis
989 4496 1067 4558 mihi
1090 4495 1223 4560 subesse
1246 4494 1389 4561 videtur:
1425 4493 1548 4560 ‘abste
1573 4517 1682 4558 servos
1707 4501 1739 4556 01

344 4599 478 4664 ancillas
509 4599 653 4663 amoveri
685 4621 818 4664 neccsse
850 4622 919 4663 esse
951 4601 1015 4663 iam
1047 4598 1114 4662 dixi
1146 4603 1189 4686 (v.
1224 4600 1314 4684 779);
1354 4598 1441 4686 quod
1472 4597 1633 4685 quomodo
1670 4597 1740 4660 fieri

344 4705 469 4790 poterit,
504 4705 530 4768 si
564 4714 598 4768 tu
636 4704 705 4790 ipse
738 4713 770 4768 te
804 4703 878 4768 hinc
911 4704 1041 4768 minime
1076 4705 1235 4768 amoveris
1265 4726 1370 4790 neque
1402 4704 1482 4768 adeo
1507 4712 1538 4767 te
1562 4701 1734 4767 moveris‘l'

346 4810 454 4889 Quare
478 4807 563 4873 hunc
585 4807 691 4872 locum
714 4807 776 4873 illis
800 4809 992 4874 coniecturis
1015 4808 1159 4892 indigere
1183 4809 1381 4894 negaverim.
1439 4820 1443 4827 ’

446 5003 478 5070 ⁵¹)
498 5002 531 5052 ds
550 5018 629 5052 versu
647 5001 740 5052 bacch.
759 5019 784 5068 p.
803 5004 845 5052 48.
860 5031 883 5038 -
900 5002 931 5070 52)
951 5003 979 5051 in
992 5000 1068 5052 Anal.
1082 5001 1176 5054 'Plaut
1196 5017 1221 5066 p.
1242 5003 1299 5054 199.
1313 5030 1345 5040 -
1359 5001 1391 5066 5³)
1412 4998 1507 5049 similis
1527 4998 1642 5064 quodam
1661 4999 1740 5049 modo

347 5094 387 5141 001
405 5090 432 5138 in
451 5087 557 5138 Phorm.
576 5088 651 5138 locus
679 5089 740 5153 (559
772 5089 847 5154 sqq.)‚
875 5087 921 5137 ubi
952 5087 1021 5138 Geta
1053 5104 1151 5138 servus
1172 5089 1212 5138 ita
1237 5088 1426 5138 Phormionem
1445 5089 1472 5135 et
1501 5085 1679 5150 Antiphonem
1708 5087 1741 5136 ad

346 5175 542 5244 properandum
561 5177 662 5226 excitat
685 5181 711 5226 et
734 5180 810 5241 urget
829 5175 911 5241 Auser
935 5176 1085 5227 101100-
1106 5193 1270 5242 ecoacseroo
1300 5175 1336 5226 od
1365 5190 1421 5225 euni
1439 5175 1509 5223 ocius
1528 5201 1559 5210 -
1578 5189 1669 5224 aarum
1698 5175 1741 5224 obt

346 5265 447 5316 deorum
458 5292 488 5302 -
500 5263 605 5314 cessus?
623 5291 655 5301 -
674 5263 733 5314 binc
751 5263 825 5314 ruodo
843 5270 866 5315 te
877 5279 964 5314 ancone
983 5263 1033 5327 (sic
1052 5261 1186 5313 Fleckeis.
1207 5266 1233 5312 et
1251 5260 1388 5324 Daiatnk.;
1406 5259 1481 5311 niodo
1499 5266 1516 5312 t.
1535 5259 1559 5310 h.
1580 5277 1605 5312 o.
1625 5261 1739 5323 codices,

347 5367 414 5419 quos
424 5349 565 5419 Umpfenb.
586 5351 726 5419 sequitur).
