3922 6084
684 479 835 534 Quaestiones
850 483 1005 534 Terentianae,
1020 485 1049 536 11,
1065 486 1083 523 6.
1191 522 1194 531 ,
1585 461 1624 531 13

233 685 430 764 utramque
455 679 588 741 formam
605 676 700 761 longe
716 677 886 762 plurimum
902 677 937 740 in
959 678 1066 740 exitu
1092 699 1224 740 versus
1238 675 1346 760 ibique
1362 675 1428 738 sine
1444 673 1624 738 discrimine

202 841 205 854 ,
232 783 317 866 poni,
340 783 453 848 intra
477 803 644 847 versum
666 780 751 844 idem
776 781 941 845 observari
964 790 1037 844 0010
1059 805 1089 845 nt
1113 789 1144 842 et
1167 779 1324 862 tlitteras,
1349 787 1382 841 at
1402 778 1502 842 solum
1528 777 1620 842 Obre-

232 909 294 950 0000
316 887 499 950 vocativum
524 894 595 948 ante
619 909 649 964 u,
673 909 722 972 00,
746 889 760 948 1
782 910 872 967 cona,
903 884 1006 950 solum
1032 883 1157 948 Chreme
1189 893 1262 950 0010
1284 909 1316 968 p,
1342 908 1366 967 s,
1390 907 1417 962 0,
1442 909 1457 946 0
1479 883 1621 967 reperiri.

278 1035 279 1048 .
366 991 415 1054 De
440 989 570 1053 alterius
594 991 729 1054 nominis
753 992 874 1076 proprii
896 972 1008 1055 formis
1028 991 1059 1053 in
1082 977 1229 1054 vocativo
1247 989 1374 1053 brevior
1390 1010 1460 1051 esse
1483 1009 1620 1073 possum.

233 1095 347 1182 Neque
370 1097 402 1158 in
427 1117 464 1157 00
488 1093 559 1177 11110,
584 1116 664 1181 quos
688 1117 786 1180 supra
810 1095 1068 1174 commemoravi,
1104 1095 1179 1157 viris
1205 1093 1306 1158 doctis
1330 1094 1496 1175 assentior,
1536 1091 1649 1179 quod

233 1199 334 1264 solum
363 1198 480 1263 Laches
507 1221 528 1262 0
553 1198 703 1262 Terentio
733 1198 912 1285 profectum
949 1220 1018 1262 esse
1049 1207 1173 1283 putant.
1216 1197 1377 1283 Equidem
1409 1195 1511 1261 tribus
1545 1197 1623 1260 locis

232 1303 333 1368 Lache
355 1305 542 1390 receperim,
581 1303 639 1368 ubi
669 1305 700 1368 in
731 1303 848 1368 ecdice-
873 1303 987 1368 Bemb.
1012 1305 1167 1389 scriptum
1191 1303 1338 1388 legimns,
1377 1324 1441 1365 non
1465 1301 1566 1364 solum
1591 1303 1623 1364 in

231 1407 312 1472 Hee.
333 1409 403 1488 751,
427 1408 484 1472 006
497 1409 592 1472 etlam
605 1409 724 1472 ibidem
741 1411 803 1478 638
827 1408 1050 1490 (confirmante
1065 1409 1242 1488 Prisciano)
1259 1416 1290 1469 et
1306 1406 1368 1472 722
1384 1401 1624 1490 (adiuuantibus

232 1511 397 1578 codicibus
419 1515 616 1599 BGEFP,
628 1516 679 1601 (D
697 1514 784 1599 000.)
808 1513 930 1578 Ceteris
967 1513 1044 1575 locis
1067 1513 1183 1577 Laches
1206 1535 1247 1576 ex
1283 1533 1440 1576 consensu
1475 1510 1622 1579 codicum

233 1617 437 1683 scribendum
463 1641 534 1684 esse
559 1641 685 1701 censeo,
720 1620 774 1705 qui
797 1618 860 1682 loci
883 1626 973 1682 sunt:
1012 1617 1095 1682 Hec.
1131 1619 1200 1700 134,
1233 1617 1306 1698 206,
1342 1617 1414 1699 232,
1447 1617 1520 1696 263,
1559 1617 1622 1682 647

234 1721 398 1810 (Don.)²⁴,
423 1724 486 1789 664
510 1723 667 1809 (Don.')²⁵,
694 1723 756 1788 732
769 1720 805 1805 ²⁰,
830 1721 901 1788 785.

360 1845 403 1908 Ε1
426 1845 473 1909 his
497 1845 654 1932 exemplis
688 1843 775 1931 0006
802 1846 842 1908 60
865 1867 925 1908 000
953 1843 1094 1908 Chremes
1119 1852 1150 1906 et
1175 1841 1302 1908 Chreme
1333 1843 1509 1906 formarum
1549 1865 1622 1928 pro·

237 1948 368 2013 tulimus
392 1950 621 2036 comprobatur
651 1958 881 2035 utramque
912 1949 1049 2012 formam
1074 1950 1112 2011 in
1145 1949 1260 2012 exitu
1292 1969 1447 2010 versus
1472 1946 1623 2012 collocari

234 2053 348 2134 solere,
371 2056 486 2118 intra
508 2077 678 2121 versum
702 2063 774 2118 0010
797 2054 928 2118 vocales
944 2053 1107 2118 00110011
1126 2054 1241 2118 Laches
1259 2053 1406 2116 vocativo
1418 2051 1524 2116 locum
1543 2073 1622 2117 esse.

233 2158 324 2222 Idem
348 2159 447 2223 semel
471 2168 567 2247 01000
590 2159 646 2222 011
670 2181 809 2244 persona
834 2166 973 2230 mutatur
997 2167 1070 2222 0010
1094 2183 1109 2222 0
1131 2158 1308 2239 invenitur3
1332 2179 1491 2241 nusquam
1516 2166 1623 2221 autem

233 2262 336 2326 Lacte
351 2265 383 2332 in
407 2261 513 2327 medio
538 2285 634 2328 versu
657 2272 772 2328 exstat.

363 2488 392 2556 6.
419 2491 644 2554 Vocabula
678 2489 849 2554 Graeca
879 2487 1036 2576 quotquot
1067 2490 1098 2553 in
1131 2487 1333 2552 Terentii
1355 2488 1471 2552 fabulis
1495 2499 1623 2575 praesto

235 2602 308 2656 sunt
324 2616 418 2656 nemo
435 2594 552 2676 adhuc,
569 2594 654 2680 quod
672 2595 781 2671 sciam,
796 2595 977 2660 accuratius
995 2593 1123 2676 collegit
1139 2615 1242 2678 neque
1268 2593 1327 2656 bac
1342 2594 1466 2658 ratione
1483 2595 1622 2678 digessit,

234 2707 269 2760 ut
283 2721 302 2761 a
318 2699 477 2784 prioribus
494 2699 614 2762 Latinis
631 2698 841 2785 scriptoribus
858 2721 903 2762 cn
914 2697 1112 2761 Graecorum
1137 2697 1253 2760 fabulis
1276 2706 1408 2784 recepta
1423 2698 1463 2761 ab
1481 2700 1527 2781 iis,
1541 2723 1623 2784 quae

233 2804 302 2888 ipse
325 2826 410 2867 nova
432 2805 463 2866 in
488 2826 665 2868 sermonem
691 2803 840 2866 Latinum
866 2803 1030 2886 irnlnxisse
1054 2802 1192 2881 videtur,
1217 2812 1407 2867 secerneret.
1431 2802 1504 2866 Non
1527 2827 1623 2887 nega-

231 2909 331 2969 verim
357 2909 442 2970 baud
466 2931 581 2992 pauca,
606 2929 688 2992 quae
719 2907 761 2970 ad
795 2908 877 2971 hane
906 2909 1124 2992 quaestionem
1157 2917 1311 2992 spectant,
1351 2908 1454 2970 inesse
1489 2929 1560 2969 cum
1593 2911 1623 2970 in

232 3009 327 3074 Alex.
353 3009 526 3090 Saalfeldii,
555 3012 595 3078 N.
619 3011 1016 3092 Ion.Tuc}1t1aendteri2⁷,
1046 3013 1086 3074 al.
1118 3011 1275 3074 iudicibus
1308 3011 1505 3074 Graecorum
1530 3034 1625 3074 voea-

233 3114 382 3179 bnloruin
407 3117 436 3178 in
460 3115 600 3198 linguam
625 3117 772 3178 Latinam
796 3117 1032 3196 translatorum,
1054 3125 1121 3178 tum
1146 3117 1176 3178 in
1200 3115 1440 3178 accuratissima
1466 3123 1497 3178 et
1520 3118 1624 3202 copio-

233 3220 358 3283 sissima
400 3220 451 3283 Fr.
477 3219 551 3284 000.
582 3221 691 3282 Weisii
722 3219 950 3304 disputatione,
983 3243 1078 3304 quam
1105 3221 1267 3306 inscripsit
1299 3219 1371 3282 ‘Die
1402 3221 1624 3302 griechischen

231 3324 362 3387 Worter
385 3325 427 3385 im
451 3321 620 3386 Latein’23.
660 3325 759 3409 Atqui
792 3324 832 3387 ab
856 3307 925 3386 boc
949 3333 981 3387 et
1005 3323 1178 3388 Saalfeldio
1203 3343 1276 3386 cnm
1308 3324 1371 3386 1001
1395 3325 1460 3386 0100
1484 3327 1624 3388 maxime

231 3429 403 3514 scriptoris,
428 3429 480 3516 qui
504 3427 658 3490 translata
681 3449 810 3514 quaque
833 3449 913 3491 voce
937 3430 1059 3513 primus
1083 3450 1159 3490 usus
1184 3427 1232 3508 sit,
1267 3427 1479 3512 proferantur,
1513 3452 1623 3492 omnes

231 3535 299 3596 sere
324 3533 436 3595 borum
462 3531 633 3595 verborum
658 3531 730 3613 1001,
765 3555 848 3617 0000
872 3532 1041 3596 Terentius
1073 3555 1135 3623 non
1169 3533 1290 3616 primus
1314 3535 1492 3618 usurpavit,
1532 3536 1623 3597 omit-

233 3648 350 3702 tuntur.
389 3637 441 3700 Ab
467 3659 621 3722 expressa
643 3637 738 3722 igitur
760 3657 836 3700 usus
859 3636 1042 3700 Terentiam
1074 3638 1213 3720 imagine
1235 3638 1298 3699 iam
1322 3636 1405 3700 hanc
1428 3637 1469 3700 ob
1494 3660 1623 3702 causam

230 3743 358 3806 illorum
392 3739 466 3803 libri
495 3740 589 3827 longe
620 3742 746 3806 absunt.
785 3739 1030 3806 Tuchbaendler
1059 3750 1176 3823 autem,
1211 3744 1270 3805 etsi
1303 3764 1413 3806 omnes
1448 3766 1549 3829 usqne
1582 3745 1624 3806 ad

231 3847 390 3910 Lucilium
415 3847 548 3928 (Atiam,
573 3844 753 3930 Afranium)
777 3847 955 3931 priscorum
980 3847 1171 3931 scriptorum
1194 3845 1284 3908 locos
1308 3845 1420 3910 sedulo
1453 3849 1622 3930 congessit,

229 3959 337 4013 tamen
369 3951 400 4012 in
425 3960 572 4032 aetatem,
612 3973 677 4035 qua
707 3951 857 4036 quodque
888 3949 1025 4014 verbum
1057 3952 1194 4036 primum
1226 3959 1310 4013 esset
1344 3961 1521 4036 receptum,
1560 3975 1622 4016 non

230 4053 399 4138 inquisivit.
440 4053 543 4117 Valde
570 4076 647 4118 vero
675 4055 814 4120 breviter
842 4064 943 4118 totam
971 4054 1054 4118 hane
1081 4078 1149 4118 rem
1180 4055 1285 4138 attigit
1308 4054 1346 4118 L.
1370 4055 1409 4118 A.
1433 4055 1568 4117 Fischer
1590 4057 1622 4119 in

233 4156 472 4242 quaestionibus
496 4157 630 4238 selectis,
669 4180 749 4242 quas
772 4158 823 4222 ‘de
846 4158 995 4222 Terentio
1025 4161 1166 4244 priorum
1200 4159 1396 4222 comicorum
1435 4158 1622 4222 Latinorum

232 4263 375 4347 inprimis
398 4261 503 4325 Plauti
526 4264 692 4326 sectatore'
716 4264 868 4345 instituit3
893 4287 964 4326 nam
989 4265 1100 4348 paucis
1124 4265 1155 4326 in
1187 4287 1218 4349 p.
1242 4265 1283 4328 52
1306 4262 1415 4326 verbis
1438 4265 1622 4347 praemissis

231 4374 382 4452 quattuor
404 4365 565 4430 vocabula
594 4367 737 4454 00016010,
766 4367 948 4454 0001010100,
979 4368 1166 4447 sandalum,
1196 4368 1343 4456 proleque
1375 4368 1517 4432 attulisse
1548 4370 1622 4432 satis

230 4471 350 4540 habuit.

230 4611 434 4624 2———1-0———na-

333 4682 364 4749 ²⁴)
384 4684 442 4732 sine
461 4681 640 4732 eausaBentl.
660 4681 753 4733 Lache.
768 4711 799 4720 -
813 4682 844 4749 ²⁵)
864 4681 908 4732 hic
927 4698 980 4733 non
1000 4667 1059 4732 0100
1073 4682 1168 4745 Bentl,
1188 4697 1302 4747 quocum
1315 4681 1391 4732 Neue
1411 4681 1428 4734 1.
1447 4697 1540 4731 comm.
1559 4695 1621 4730 con·

230 4771 316 4833 sentit,
336 4770 422 4820 Lache
440 4768 629 4834 praetulerim
648 4779 710 4818 nam
722 4771 749 4819 10
762 4769 868 4820 Laches
881 4772 1012 4833 posterior
1025 4769 1130 4832 syllaba
1145 4769 1237 4818 eodem
1252 4770 1328 4818 modo
1343 4771 1483 4834 corripitur
1496 4775 1576 4834 01000
1594 4769 1622 4817 10

230 4856 461 4921 611101οἑ1Ρ11000.
481 4857 541 4921 609)
562 4860 589 4905 01
609 4856 637 4904 10
655 4853 745 4905 multis
765 4854 825 4906 aliis
843 4857 963 4906 iambicis
976 4856 1122 4906 vocabulis.
1131 4885 1163 4904 ,-
1179 4855 1210 4921 26)
1230 4856 1362 4916 Bentleio,
1373 4857 1443 4921 0006
1453 4857 1535 4906 verba
1547 4857 1621 4908 credo

237 4942 326 5006 edepol
344 4943 544 5008 transponenda
563 4959 622 4993 0000
641 4946 752 5007 putavit,
772 4943 857 5002 altera
877 4943 961 4993 forma
981 4943 1121 4992 scribenda
1141 4949 1205 4995 erat.
1236 4971 1268 4979 -
1299 4942 1330 5009 2ἵ)
1350 4944 1422 4992 111100
1441 4943 1520 4992 index
1535 4943 1621 4996 Boioi.

234 5043 258 5079 0.
280 5029 346 5076 1874
366 5028 452 5078 editus
472 5035 499 5079 01
517 5032 545 5078 10
563 5045 649 5096 progr.
669 5045 738 5094 gym.
757 5030 884 5080 Wetalar.
905 5046 929 5081 a.
950 5032 1014 5080 1877
1046 5030 1147 5080 emend.
1174 5034 1200 5078 01
1228 5035 1321 5078 assetus
1348 5035 1395 5096 001,
1428 5031 1506 5078 liuius
1525 5030 1622 5094 disput.

229 5112 316 5162 Berol.
336 5129 360 5163 0.
381 5117 446 5165 1876
467 5117 564 5166 edit-
573 5115 688 5178 Contuli,
707 5122 737 5166 nt
754 5131 802 5180 par
822 5121 869 5179 est,
883 5119 963 5166 etiam
987 5116 1113 5168 Van-idoli
1131 5117 1226 5166 librum
1246 5115 1451 5166 ‘Fremdworter
1460 5118 1494 5164 im
1516 5113 1620 5164 Griech.

231 5200 286 5250 und
304 5200 427 5264 Latein.',
446 5203 491 5266 qui
511 5217 551 5268 ap.
574 5204 679 5254 Teubn.
708 5203 825 5268 Lipse.
846 5205 912 5253 1878
935 5210 976 5252 001
995 5200 1115 5264 emistus.
1144 5233 1174 5241 -
1204 5203 1236 5270 28)
1254 5205 1371 5268 praemio
1391 5203 1480 5256 donat.
1500 5205 1526 5253 01
1545 5203 1585 5269 06.
1605 5219 1622 5254 0

230 5302 283 5338 000.
303 5288 415 5354 princip.
434 5287 621 5353 Iabloncwsk,
639 5291 712 5356 Lips.
733 5305 774 5356 ap.
793 5289 894 5344 Hirzel.
913 5307 937 5344 a.
951 5291 1025 5344 1882.
