3922 6084
364 429 406 496 32
639 453 642 458 '
823 451 985 504 Prolegomena
999 455 1028 497 nd
1042 456 1130 498 lexicon
1146 455 1319 500 Terentianum

363 677 404 688 -
427 639 611 727 Antequam
652 641 694 707 ad
730 644 817 730 ipsos
856 645 989 714 alicuius
1024 649 1173 715 vocabuli
1208 647 1296 715 locos
1319 649 1530 737 proferendos
1553 649 1756 736 aggrederer,

364 742 459 812 huius
483 745 603 809 formas
628 747 696 812 sive
720 771 762 812 ex
784 749 882 815 rebus
905 755 1121 838 grammaticis
1152 757 1220 820 sive
1249 756 1390 819 metricis
1415 755 1481 818 sive
1505 754 1758 842 orthographicis

363 858 543 914 memoratu
567 851 679 937 dignas
704 875 896 940 componere
920 856 1071 924 idoneum
1096 882 1167 924 esse
1185 859 1274 927 duxi.
1297 860 1394 941 Tum,
1411 858 1498 944 quod
1513 882 1577 924 non
1591 883 1663 924 raro
1678 859 1758 924 locis

363 952 574 1035 Terentianis,
607 955 724 1042 quibas
746 961 923 1026 sententiae
958 963 1136 1028 simillimae
1172 966 1224 1029 vel
1256 963 1389 1030 eaedem
1422 963 1535 1029 iisdem
1558 965 1625 1029 lere
1648 966 1758 1030 verbis

362 1058 509 1123 redditae
531 1061 683 1144 leguntur
706 1070 803 1148 atque
827 1075 901 1130 sunt
923 1069 1010 1153 apud
1026 1069 1179 1134 Plautum
1195 1079 1226 1133 et
1242 1069 1322 1133 alios
1338 1077 1450 1155 poetas
1468 1069 1617 1152 comicos,
1641 1069 1757 1134 herum

330 1205 335 1216 ·
362 1163 451 1227 loces
474 1163 663 1230 brevissime
686 1167 866 1253 adiunxiffl,
891 1170 932 1234 ad
955 1172 1096 1236 Terentii
1120 1193 1300 1239 sermonem
1317 1173 1542 1238 illustrandum
1566 1196 1629 1237 non
1653 1176 1761 1238 minus

362 1269 508 1334 conferre
535 1269 665 1335 videtur
688 1295 784 1358 quam
809 1274 896 1360 qued
920 1298 1145 1363 quaecumque
1169 1301 1211 1342 ex
1227 1278 1364 1344 Graecis
1381 1278 1555 1344 cernoediis
1578 1278 1763 1363 fragmenta

363 1382 535 1460 supersunt
557 1375 595 1440 iis
618 1376 777 1460 versibus,
801 1377 849 1442 ad
867 1400 948 1466 quos
970 1382 1140 1468 pertinent,
1165 1380 1284 1450 addidi.

492 1479 573 1562 lam,
608 1500 681 1546 curn
704 1484 844 1547 rationes
874 1483 989 1550 indicis
1024 1487 1242 1572 exposuerim,
1274 1487 1313 1552 de
1345 1486 1620 1573 orthographia
1650 1509 1761 1573 pauca

361 1579 436 1646 ideo
460 1584 696 1669 praemissurus
720 1609 800 1671 sum,
826 1610 867 1652 ne
890 1599 1054 1655 sescentas
1077 1593 1110 1656 in
1132 1592 1193 1656 hoc
1217 1614 1336 1678 genere
1354 1592 1585 1679 discrepantias
1602 1593 1761 1679 Umpfen-

362 1685 479 1770 bachii,
503 1689 557 1775 qui
581 1689 701 1754 codicis
716 1690 865 1757 Bembini
882 1695 1017 1778 vestigia
1032 1697 1157 1781 premit,
1179 1717 1434 1761 commemorare
1451 1719 1559 1782 cogar.
1595 1696 1760 1783 Equidem

362 1791 393 1856 in
410 1790 553 1856 Terentii
568 1791 685 1858 fabulis
708 1797 874 1882 priscam
900 1798 1214 1885 orthographiam
1236 1802 1407 1864 recentiori
1423 1801 1670 1886 praeferendam
1687 1823 1761 1866 esse

364 1918 436 1960 curn
470 1896 685 1964 Fleckeisene
715 1885 750 1964 ‘ct
781 1902 962 1966 novissimis
988 1902 1163 1968 editoribus
1187 1907 1382 1974 consentio..
1400 1905 1515 1991 Neque
1540 1907 1645 1983 miror,
1671 1907 1761 1990 quod

361 1999 417 2064 illa
439 2001 470 2064 in
494 2001 652 2067 Bembina
676 2006 855 2091 ceterisque
879 2006 1023 2070 Terentii
1055 2007 1221 2074 codicibus
1254 2008 1474 2096 compluribus
1507 2009 1587 2074 loeis
1610 2011 1759 2093 evanuit3

362 2125 437 2168 nam
460 2108 697 2190 grammaticos,
732 2120 1019 2194 commentatores,
1043 2111 1190 2178 librarios
1221 2115 1435 2199 posteriorum
1469 2114 1671 2180 saeculorum
1695 2137 1758 2178 non

362 2208 466 2273 minus
490 2211 587 2297 qnam
609 2213 723 2300 priscis
747 2223 780 2278 et
803 2215 956 2280 obsoletis
978 2215 1147 2282 vocabulis
1178 2217 1297 2282 usitata
1325 2228 1357 2283 et
1379 2220 1521 2284 recentia
1543 2218 1756 2300 substituisse,

363 2313 409 2380 sic
432 2315 605 2398 genuinum
630 2317 791 2382 scribendi
813 2342 907 2387 usum
930 2320 972 2384 ad
995 2341 1073 2385 suae
1097 2323 1209 2386 aetatis
1222 2322 1337 2386 falsam
1355 2323 1545 2410 plerumque
1566 2332 1598 2387 et
1611 2324 1756 2398 vitiosam

364 2419 625 2487 consuetudinem
648 2422 835 2489 immutasse
860 2425 1032 2490 consumi.
1055 2425 1282 2492 Nihilominus
1306 2426 1426 2491 multae
1440 2427 1466 2466 ¹⁵
1487 2430 1518 2491 in
1537 2428 1649 2492 codice
1666 2429 1756 2492 Bem-

363 2521 439 2606 bjno
462 2525 587 2611 priseae
611 2526 733 2592 formae
765 2537 839 2594 sunt
861 2539 1018 2613 servatae,
1052 2553 1113 2596 nec
1135 2533 1315 2617 paucae-in
1339 2530 1546 2618 Calliepianis
1571 2531 1660 2597 libris
1682 2555 1751 2600 mss.

364 2626 416 2694 vel
440 2629 588 2694 omnibus
610 2632 664 2695 vel
696 2633 830 2718 singulis
862 2634 1019 2720 (maxime
1049 2638 1079 2698 in
1103 2634 1226 2702 Victor.
1249 2644 1282 2700 et
1307 2635 1456 2722 Decurt.)
1489 2636 1585 2700 etiam
1615 2639 1650 2701 iis
1676 2637 1748 2698 locis

362 2735 577 2820 reperiuntur,
602 2736 719 2822 quibus
743 2739 775 2818 in
798 2737 910 2804 codice
933 2739 986 2803 illo
1019 2750 1075 2804 aut
1097 2741 1198 2806 verba
1220 2740 1335 2804 desunt
1358 2749 1413 2805 aut
1435 2749 1581 2806 recentes
1603 2741 1746 2806 lectiones

364 2847 491 2904 exstant
504 2839 537 2905 ¹⁶.
577 2839 637 2904 His
660 2843 816 2929 exemplis
838 2845 927 2908 nisus
949 2866 1011 2908 non
1038 2865 1111 2908 cum
1134 2843 1393 2931 Umpfenbachio
1411 2845 1601 2910 Bembinum
1621 2845 1747 2908 unicum

364 2943 478 3008 ducem
504 2953 631 3008 secutus
654 2969 735 3030 sum,
759 2956 794 3011 ut
817 2949 917 3012 altero
941 2949 1011 3013 lece
1035 2950 1138 3014 lorma
1170 2950 1353 3032 vetustiore,
1386 2950 1487 3014 altero
1520 2949 1625 3014 forma
1644 2970 1750 3012 recen·

363 3049 444 3112 tiore
467 3059 599 3136 recepta
613 3049 755 3117 Terentii
777 3053 880 3118 verba
902 3055 1071 3137 variarem,
1096 3055 1153 3118 sed
1174 3055 1376 3140 aequalitatis
1398 3033 1558 3120 studiosus
1583 3053 1756 3120 omnibns

363 3152 459 3217 locis
494 3177 566 3218 cum
597 3156 812 3223 Fleckeiseno
846 3161 987 3246 reposui,
1022 3168 1057 3223 ut
1090 3183 1110 3224 a
1143 3160 1347 3224 vocalibus
1380 3161 1496 3242 ordiar,
1525 3175 1624 3246 opre
1647 3185 1670 3222 n
1692 3179 1756 3222 nen

364 3257 468 3322 solum
499 3265 573 3345 post
603 3261 737 3326 alteram
765 3286 787 3327 u
818 3264 886 3328 sive
921 3287 953 3346 v,
985 3272 1021 3329 ut
1042 3265 1113 3345 uolt,
1142 3265 1248 3346 uoltus,
1281 3289 1397 3344 nocem,
1429 3275 1565 3330 mcctuom
1584 3264 1759 3350 (caeptis

363 3373 436 3427 taus
455 3387 529 3446 -um,
551 3389 627 3432 auus
643 3369 732 3456 mm),
757 3369 814 3432 sed
838 3370 933 3432 etiam
956 3369 1172 3454 praecedente
1196 3393 1249 3456 qu,
1272 3369 1363 3435 velut
1380 3395 1469 3456 quom
1490 3370 1560 3455 (uhi
1577 3371 1760 3434 coniunctio

364 3469 438 3555 est),
460 3494 546 3556 quan
570 3475 688 3558 quoius,
712 3477 794 3560 quei,
824 3476 1008 3560 quoquam
1033 3484 1099 3538 tum
1122 3498 1140 3539 o
1166 3497 1225 3562 pro
1250 3500 1265 3540 e
1288 3471 1498 3540 antecedente
1521 3500 1542 3543 v
1565 3478 1596 3541 in
1621 3473 1762 3540 vocabb.

470 3681 500 3748 13)
520 3681 627 3732 adiutus
646 3699 703 3732 snm
721 3684 749 3732 in
768 3683 820 3733 hac
837 3699 866 3734 re
884 3681 994 3747 difficili,
1008 3699 1077 3748 quae
1095 3684 1213 3736 nondum
1226 3687 1379 3736 accuratius
1393 3689 1508 3737 tractata
1526 3692 1579 3751 est,
1595 3687 1765 3752 quaestioni·

363 3769 413 3819 bus
432 3768 488 3832 sel,
507 3785 574 3836 quas
591 3771 624 3820 L.
642 3770 673 3820 A.
692 3769 802 3820 Fischer
821 3773 979 3836 conscripsit
997 3772 1038 3821 ‘de
1051 3772 1175 3822 Terentio
1194 3773 1310 3837 priorum
1329 3775 1491 3824 comicorum
1505 3775 1661 3824 Latinorum
1675 3775 1763 3839 inpri-

364 3859 414 3907 mis
434 3856 524 3906 Plauti
543 3856 691 3919 sectatore',
710 3857 788 3906 Halis
808 3856 869 3910 Sex.
887 3871 912 3910 a.
932 3859 1007 3910 1875.
1030 3889 1062 3896 -
1078 3859 1107 3926 ¹⁴)
1128 3860 1159 3912 cl,
1179 3874 1248 3925 quae
1266 3862 1324 3926 ipse
1343 3859 1487 3926 Umpfenb.
1505 3877 1530 3926 p.
1545 3861 1632 3912 XVlI.
1651 3861 1766 3926 profert.

364 3973 395 3983 -
412 3945 442 4010 15)
457 3959 568 4009 quarum
581 3943 723 3996 nonnullas
737 3944 856 3996 adferam
869 3962 943 4009 quom
961 3945 1009 3996 Ph.
1022 3947 1073 3997 8l8
1084 3945 1165 4012 (qno),
1179 3946 1228 3995 Ad.
1247 3949 1298 3997 254
1309 3945 1387 4013 (falso
1397 3964 1443 4012 pro
1455 3947 1523 4012 peccel
1532 3948 1581 3997 Ad.
1601 3948 1671 4014 296),
1692 3950 1770 4011 quoi-

364 4049 441 4098 quam
459 4032 509 4085 Ph.
527 4033 591 4096 887,
623 4032 752 4083 leonianae
769 4030 819 4082 Ad.
851 4033 909 4095 536,
929 4033 1175 4095 tarraconenses,
1202 4033 1249 4084 Ph.
1270 4035 1312 4096 92,
1331 4037 1395 4098 522,
1414 4051 1556 4096 maxumam,
1576 4053 1629 4085 -cm
1647 4035 1682 4084 H.
1701 4039 1771 4098 457,

365 4122 397 4172 Ε.
417 4123 476 4184 959,
494 4120 544 4170 Ad.
565 4123 622 4184 116,
642 4123 701 4184 881,
721 4121 780 4183 891,
798 4137 917 4172 manante
934 4122 1037 4184 Α..818,
1056 4119 1089 4169 Ε.
1110 4122 1169 4183 173,
1188 4123 1238 4172 334
1258 4122 1365 4187 (quibus
1384 4122 1458 4186 locis,
1477 4128 1506 4172 nt
1524 4141 1541 4172 a
1553 4122 1644 4172 littera
1656 4124 1684 4170 in
1705 4108 1773 4172 isit

365 4214 492 4270 correcta,
511 4211 680 4274 perspicuum
695 4208 755 4272 est),
770 4207 804 4257 ib.
819 4209 876 4270 189,
902 4210 977 4270 1044,
996 4207 1046 4260 Ph.
1069 4210 1128 4270 204,
1158 4209 1216 4271 241,
1246 4211 1305 4270 295,
1331 4211 1457 4259 intantum
1475 4211 1507 4259 E.
1527 4211 1585 4272 127,
1599 4226 1727 4274 pessama
1750 4209 1772 4274 (i

365 4297 506 4363 superscr.)
531 4297 563 4350 Ε.
585 4299 641 4357 152,
670 4299 808 4360 proxumis
838 4295 859 4361 (i
878 4310 959 4361 supra
989 4295 1068 4361 aser.)
1086 4295 1118 4347 E.
1138 4299 1196 4359 332,
1219 4297 1425 4362 pronuncc(m)sl
1442 4298 1474 4348 E.
1494 4299 1552 4359 612,
1583 4299 1696 4346 minume
1719 4297 1774 4346 Ht.

364 4388 423 4448 245,
441 4386 600 4449 planissume
619 4384 664 4434 Ht.
678 4385 743 4447 639,
762 4389 844 4434 uester
862 4381 911 4433 Ad.
936 4384 995 4445 374,
1013 4383 1077 4446 489,
1096 4399 1170 4434 uerso
1188 4383 1220 4432 Ε.
1241 4385 1315 4448 1085,
1335 4389 1414 4446 eoric,
1443 4383 1553 4434 aduerte
1576 4383 1608 4433 Ε.
1633 4386 1692 4445 390,
1715 4386 1775 4434 738

366 4473 392 4538 (e
405 4489 485 4538 supra
497 4473 585 4538 asan),
599 4473 657 4532 343,
673 4472 732 4533 397,
751 4471 800 4520 Ph.
819 4473 878 4532 678,
897 4471 1023 4521 uolucrem·
1041 4471 1075 4523 H.
1095 4473 1154 4532 271,
1172 4468 1221 4520 Aa.
1243 4472 1300 4532 141,
1321 4471 1453 4532 aduersus,
1475 4488 1529 4520 -um
1547 4469 1595 4520 Ph.
1615 4473 1674 4535 242,
1705 4474 1776 4534 427,

363 4563 512 4610 cunicarnam
530 4559 562 4608 E.
582 4560 644 4621 224,
663 4557 765 4624 necleqo
783 4557 817 4607 H.
844 4560 902 4621 670,
921 4557 968 4607 Η1.
991 4559 1050 4621 295,
1069 4560 1127 4620 299,
1147 4559 1206 4619 357,
1225 4556 1274 4607 Ph.
1293 4558 1335 4619 54,
1354 4560 1412 4619 358,
1443 4561 1501 4622 366,
1531 4559 1691 4624 neclegenter
1720 4560 1776 4610 Ht.

365 4649 424 4710 291,
454 4649 638 4712 neclegentiam
667 4645 716 4696 Plr.
746 4648 804 4707 671,
834 4647 909 4706 1016,
939 4643 988 4694 Ad.
1018 4649 1050 4696 14
1069 4645 1146 4712 (pr.);
1175 4653 1197 4694 ts
1217 4643 1275 4709 (pro
1305 4646 1349 4711 ils)
1369 4645 1403 4696 Η.
1431 4649 1488 4708 755,
1508 4647 1553 4698 Ht.
1575 4649 1633 4708 121,
1651 4647 1682 4700 Ε.
1707 4650 1778 4710 168,

364 4737 423 4798 250,
441 4736 489 4784 Ph.
510 4737 552 4796 78,
572 4734 621 4784 Ad.
643 4736 702 4786 671.
720 4761 754 4772 ·-
781 4733 810 4798 16)
830 4748 917 4798 panca
944 4732 1088 4800 adiungam
1119 4731 1241 4798 exempla
1269 4749 1417 4782 masuerum
1448 4733 1499 4784 Ad.
1527 4735 1592 4796 941,
1619 4749 1779 4798 prosumus

364 4824 413 4877 Ad.
445 4826 511 4886 947,
541 4826 713 4889 iqnaeissamc
744 4821 829 4891 (codd.
859 4821 903 4876 D²
936 4821 988 4889 G¹)
1015 4823 1047 4872 E.
1078 4825 1142 4884 239,
1175 4826 1288 4884 optume,
1310 4820 1484 4884 festiniacumc
1506 4821 1557 4874 Ad.
1587 4823 1651 4884 983,
1681 4838 1769 4873 sexa-

362 4929 483 4978 9enoume
504 4913 547 4978 (ex
566 4911 643 4961 codd.
662 4909 822 4976 BPz-imo)
836 4911 884 4961 Ad.
898 4913 962 4973 938,
976 4917 1059 4962 caster
1072 4909 1140 4975 (eod.
1161 4907 1206 4966 D)
1219 4908 1268 4962 Ad.
1283 4911 1351 4972 492,
1369 4925 1471 4960 uersam
1489 4909 1538 4958 Ad.
1552 4911 1611 4972 575,
1630 4909 1779 4974 aduersam,

365 5017 419 5049 -cm
437 4999 524 5064 (codd.
544 4998 621 5065 DG)
641 4999 688 5049 Ph.
709 5003 767 5062 520,
787 4996 873 5065 (codd.
893 4997 937 5052 D¹
951 4997 991 5064 P)
1010 4998 1060 5051 Ad.
1073 5000 1131 5059 676,
1151 4997 1320 5048 exaduersum
1339 4996 1470 5062 (plerique
1484 4995 1562 5062 Gall.)
1576 4996 1625 5047 Ph.
1638 4997 1679 5057 88,
1694 4996 1778 5048 labet

363 5090 395 5138 A.
415 5090 465 5138 310
485 5089 567 5154 (qnod
584 5088 673 5154 Umpf.
692 5105 725 5138 ex
744 5088 811 5140 Call.
829 5090 939 5151 recepit,
959 5100 1120 5150 quamquam
1147 5083 1250 5134 duobus
1268 5083 1391 5133 versibus
1410 5088 1472 5132 ante
1497 5083 1577 5132 libido
1596 5084 1782 5150 scripserat),

363 5186 386 5226 is
404 5178 461 5241 (pro
480 5179 524 5243 iis)
552 5175 585 5226 E.
604 5179 669 5226 1001
699 5175 745 5242 (pl.
777 5175 865 5243 eall),
896 5175 941 5224 Ht.
972 5177 1022 5225 501
1054 5171 1140 5238 (codd.
1161 5171 1239 5238 GP),
1258 5171 1307 5224 Ph.
1326 5171 1376 5220 789
1396 5175 1422 5218 et
1440 5169 1474 5220 H.
1494 5171 1542 5220 787
1564 5187 1601 5236 sq.
1623 5168 1694 5235 (cod.
1720 5170 1783 5238 P),

364 5263 414 5316 Ad.
434 5267 485 5320 870
504 5263 594 5334 (codd.
618 5263 661 5319 G²
682 5263 711 5320 P
724 5266 743 5331 ).
