3962 6086
752 478 902 526 Quaestionem
919 477 1075 525 Terentianae,
1092 473 1131 524 111,
1148 474 1166 512 8.
1613 449 1656 513 23

256 603 270 648 t

390 669 421 736 8.
454 667 491 732 Si
512 669 709 734 vocabulum
734 669 898 756 quoddam
933 691 991 754 per
1014 691 1048 731 se
1071 668 1175 732 minus
1204 671 1252 728 est
1274 673 1422 749 apertum
1445 659 1498 724 vel
1522 659 1654 741 clarum,
1726 663 1728 670 '

261 773 484 859 explicandi
515 797 630 838 causa
668 776 796 861 saepius
826 774 962 838 alterum
998 793 1235 858 synonymon
1265 769 1318 834 vel
1349 765 1542 830 sententia
1572 771 1656 828 tota

262 879 487 964 adiungitur
516 901 622 966 neque
656 879 758 944 solum
790 903 810 943 a
840 879 962 944 solutae
992 877 1142 942 orationis
1173 873 1392 961 scriptoribus,
1424 872 1481 936 sed
1509 872 1603 934 etiam
1638 893 1658 932 a
1718 891 1721 910 ¹

260 986 375 1071 poetis.
413 985 483 1048 Iam
513 984 702 1069 Homerum,
731 1008 804 1050 cum
835 983 1023 1048 obscuriore
1053 1004 1130 1048 usus
1158 989 1206 1044 est
1228 979 1399 1060 vocabulo,
1424 980 1490 1044 eius
1515 975 1657 1062 explica·

262 1090 380 1154 tionem
403 1089 522 1156 addere
545 1089 699 1158 videmus.
725 1089 844 1172 Veluti,
869 1111 941 1153 cum
964 1088 1006 1170 K,
1030 1089 1094 1154 292
1118 1109 1165 1172 sq.
1694 1075 1698 1085 ’

562 1216 609 1276 ool
631 1209 697 1276 b’enl
722 1211 778 1293 ἐγὼ
803 1209 876 1299 ῥέξω
901 1213 971 1293 βοῦν
994 1208 1055 1297 ἦνιν
1079 1205 1284 1295 εὐρυμέτωπον
1365 1281 1368 1288 ,

564 1315 744 1403 ἀδμήτην
756 1338 760 1349 ·

269 1439 412 1522 dixisset,
436 1439 598 1504 subiunxit

729 1543 764 1631 ἣν
788 1541 823 1608 eli
845 1567 892 1608 πω
917 1538 972 1607 ὑπὸ
996 1545 1080 1624 ζυγὸν
1103 1539 1210 1628 ἤγαγεν
1234 1539 1319 1627 ἀνήρ.

266 1666 416 1731 Pluribus
429 1666 462 1730 id
480 1667 631 1752 probavit
653 1667 850 1754 Porphyrius
875 1663 1125 1752 quaestionibus,
1150 1686 1229 1750 quas
1254 1662 1294 1726 de
1309 1662 1445 1725 Homeri
1463 1659 1658 1724 carminibus

265 1772 413 1836 confecit.
452 1769 601 1836 Eundem
639 1795 732 1837 usum
766 1795 840 1837 cum
875 1769 963 1858 apud
995 1779 1119 1834 eeteros
1149 1768 1295 1834 Graecos
1325 1776 1391 1830 tum
1416 1766 1503 1852 apud
1526 1765 1659 1828 Latinos

265 1877 438 1962 scriptores
460 1877 593 1962 reperiri
617 1886 751 1943 constat.

393 1997 459 2063 Sed
487 1998 670 2084 copulative
702 2003 796 2066 etiarn
829 2022 903 2064 cum
924 2000 1030 2062 minus
1054 1997 1177 2061 usitatis
1199 1994 1252 2058 vel
1275 1994 1453 2080 peregrinis
1476 1993 1660 2058 notionibus

253 2102 459 2189 ,explanandi
474 2105 578 2189 gratia
599 2106 780 2169 usitatiores
805 2114 837 2170 et
859 2105 962 2190 gentis
982 2104 1133 2190 propriae
1150 2097 1363 2184 iunguntu1·⁵¹.
1388 2099 1460 2163 Hoc
1476 2097 1517 2162 ab
1534 2097 1660 2183 optimis

264 2209 393 2295 quidem
409 2209 589 2274 Latinitatis
613 2209 809 2290 auctoribus,
825 2209 1012 2274 Cicerone⁵5
1035 2216 1066 2271 et
1082 2207 1262 2290 ansa1·e⁵⁶‚
1286 2206 1478 2293 plerumque
1495 2203 1662 2268 observari

264 2336 327 2377 non
352 2315 529 2396 miraberis,
554 2315 702 2379 setinum
726 2314 813 2400 apud
828 2317 952 2402 priscos
976 2315 1148 2399 scriptores
1163 2311 1295 2376 Latinos
1318 2311 1498 2374 inveniatur
1514 2330 1659 2395 quaeres.

263 2416 346 2480 Nam
370 2415 415 2480 illi
437 2418 617 2505 reliquique
641 2419 715 2483 boni
735 2421 906 2506 scriptores
930 2420 961 2482 in
985 2419 1070 2482 omni
1093 2418 1160 2481 fere
1184 2414 1347 2481 scribendi
1370 2437 1488 2498 genere
1511 2413 1662 2477 inusitata

261 2530 292 2583 et
324 2524 503 2608 peregrina,
532 2524 675 2610 inprimis
710 2523 837 2588 Graeca
864 2522 1036 2605 vocabula,
1071 2523 1132 2587 nisi
1161 2544 1200 2585 ea
1222 2530 1278 2585 ant
1305 2517 1397 2584 simili
1420 2519 1535 2582 Latino
1559 2514 1660 2580 verbe

265 2626 429 2711 explicant
452 2635 508 2690 aut
530 2626 617 2692 nullo
642 2627 737 2706 modo
763 2627 908 2692 devitare
931 2637 1074 2714 possunt,
1091 2625 1200 2690 verbis
1223 2627 1287 2690 suis
1311 2624 1433 2688 inferre.
1452 2645 1516 2686 non
1540 2621 1662 2703 soleul3

264 2731 294 2794 in
316 2732 433 2794 iocosis
456 2740 578 2796 tantum
603 2731 878 2818 familiaribusque
902 2731 1046 2817 epistulis
1070 2740 1101 2795 et
1124 2731 1229 2794 satiris
1255 2729 1302 2793 'ad
1326 2729 1498 2813 legentium
1531 2725 1661 2789 audien-

263 2836 385 2900 tiurnve
409 2837 531 2900 animos
556 2837 741 2900 hilarandus
766 2836 911 2901 consulto
936 2836 999 2920 illa,
1016 2858 1247 2923 nonnunquam
1270 2836 1364 2898 etiam
1381 2833 1491 2920 plenas
1509 2831 1662 2895 formulas

266 2940 410 3004 Graecas
445 2939 606 3005 adhibent.
652 2941 780 3006 Priscus
820 2952 926 3006 autem
965 2943 1137 3028 scriptores
1172 2950 1304 3028 praeter
1335 2939 1520 3004 Terentium
1558 2960 1663 3024 neque
1707 2968 1710 2985 ι

266 3067 416 3127 magnam
438 3047 512 3130 puri
534 3049 689 3110 sermonis
714 3069 824 3110 curam
849 3048 997 3110 habuisse
1022 3056 1063 3130 et,
1089 3071 1162 3111 cum
1187 3069 1338 3131 magnam
1369 3053 1495 3131 partem
1520 3043 1663 3108 Graecas

265 3145 390 3210 fabulas
424 3157 657 3232 converterent,
688 3151 860 3235 peregrina
883 3151 1043 3215 vocabula
1075 3175 1181 3238 neque
1203 3153 1304 3216 vitare
1327 3152 1469 3237 potuisse
1492 3172 1598 3235 neque
1621 3147 1663 3212 ob

266 3253 363 3344 iocos,
381 3251 712 3331 facetias„verb0rum
726 3252 830 3316 lusum
851 3255 1011 3318 servanda
1027 3258 1154 3320 omuino
1170 3256 1282 3340 fugere
1299 3255 1438 3320 voluisse
1462 3253 1663 3317 manifestum

268 3365 325 3418 est.
356 3355 521 3438 Attamen,
545 3358 571 3420 si
595 3356 689 3442 plane
712 3359 863 3422 inusitata
878 3369 910 3423 et
924 3381 1008 3422 novo
1023 3360 1125 3425 verba
1139 3360 1269 3425 liberius
1286 3361 1354 3424 sine
1369 3359 1435 3422 ulla
1451 3356 1663 3443 explicatione

267 3470 486 3546 usurpassent,
526 3485 545 3525 a
581 3463 692 3549 populi
714 3463 932 3550 intellegentia
955 3488 1114 3553 sensuque
1140 3463 1285 3530 disiuncti
1308 3465 1451 3544 fuissent.
1477 3461 1585 3544 erare
1609 3483 1663 3523 eos

270 3587 410 3650 quoque,
449 3567 505 3628 ubi
543 3589 623 3653 opus
662 3569 775 3652 fuerat,
809 3570 905 3634 totius
939 3571 1065 3656 linguae
1095 3571 1237 3654 *Latinae
1271 3569 1315 3633 illi
1349 3568 1454 3633 studio
1494 3569 1664 3656 perspicue

367 3795 399 3858 54)
418 3811 487 3860 quae
507 3797 672 3846 consuetudo
693 3800 775 3847 etiam
792 3801 904 3863 patrie
929 3803 1075 3850 sermoni
1106 3816 1159 3851 non
1189 3801 1277 3865 dcest3
1306 3800 1338 3850 cf.
1359 3797 1509 3863 Sclruppius
1535 3800 1584 3848 727
1616 3797 1668 3846 luae

266 3883 317 3932 elle
339 3884 459 3934 amentiae
477 3883 533 3934 renel
550 3885 668 3934 Kitrrsten
690 3887 719 3934 in
737 3885 895 3952 der-selbipen
922 3886 1043 3954 (Schule)
1056 3889 1183 3950 floras-en,
1214 3886 1241 3939 S.
1269 3887 1369 3951 Frank,
1402 3886 1462 3950 Spr.
1481 3887 1504 3946 1,
1531 3886 1594 3934 1624
1617 3883 1669 3932 elle'

267 3969 361 4019 Knnsr
380 3969 435 4020 und
451 3971 537 4021 strrdte
558 3962 596 4020 zu*
615 3978 715 4038 epertcn
736 3955 818 4039 pelebt
837 3973 863 4038 (i.
893 3991 915 4023 e.
934 3974 1127 4040 braclrgelegt).
1159 3973 1309 4037 Singularis
1334 3975 1423 4022 autern
1443 3971 1562 4020 eiusdem
1582 3969 1668 4020 subst.

268 4057 354 4106 Kanrt
371 4059 413 4127 vis
432 4059 539 4122 saepius
559 4059 658 4108 additis
678 4062 832 4124 synonymis
850 4059 1010 4114 illustratur:
1041 4062 1133 4111 Frank
1153 4064 1176 4122 2,
1207 4061 1239 4109 96
1264 4059 1347 4110 beben
1370 4061 1424 4110 tres·
1443 4054 1577 4108 Bltndbett
1604 4057 1669 4106 nain

267 4145 353 4193 Kenet
371 4145 426 4194 rand
450 4144 545 4196 ll’n'rrcn
564 4145 608 4212 (cf.
627 4147 768 4197 termulam
787 4147 861 4198 illam
880 4149 985 4200 lcunnen
1007 4151 1063 4200 send
1086 4147 1199 4214 waren),
1219 4147 1320 4198 Luther
1339 4149 1371 4210 V,
1393 4149 1456 4198 172³
1481 4163 1512 4195 aa
1532 4143 1668 4208 predipen,

268 4233 370 4296 repiren
383 4231 437 4281 crud
454 4232 570 4284 rechten.
586 4272 593 4286 .
611 4234 673 4284 sind
695 4236 744 4285 wel
768 4235 819 4287 elle
837 4236 931 4286 Keller
956 4235 1011 4286 nuel
1035 4235 1170 4300 Sprccben
1193 4221 1286 4286 iudei·
1310 4234 1374 4286 Welt
1391 4253 1422 4284 zu
1440 4235 1529 4298 wentp,
1547 4232 1670 4296 eelrweiyc
1726 4259 1729 4265 ·

269 4321 338 4370 deun
368 4319 409 4368 die
440 4319 564 4370 dccdeche
595 4322 691 4384 alleirs;
722 4322 834 4372 Sclriller
865 4323 930 4374 8381>
955 4341 1035 4390 freyen
1058 4327 1145 4374 reineri
1175 4323 1283 4373 abeund
1311 4321 1449 4388 (Oranien)
1480 4325 1572 4371 onerate
1608 4336 1668 4368 naen

268 4408 355 4458 Kanrt
373 4407 428 4458 arud
445 4407 543 4472 Betrcy
560 4424 591 4457 zu
609 4409 682 4472 Htlfe
708 4410 793 4475 resen.
812 4437 844 4447 -
865 4411 896 4476 55)
917 4411 1038 4475 exempla
1055 4426 1144 4477 pauca
1155 4410 1299 4478 proferam:
1319 4421 1366 4476 pro
1381 4409 1459 4458 Rosc.
1472 4411 1560 4460 Amen.
1575 4410 1614 4470 15,
1635 4410 1669 4457 44

267 4497 389 4562 relepeta'o
407 4503 483 4559 etque
500 4496 664 4559 concordatim
691 4513 775 4550 somn.
796 4495 864 4563 Scip.
884 4501 907 4561 6,
928 4501 958 4547 13
978 4501 1061 4549 cernale
1080 4537 1086 4548 .
1106 4538 1112 4548 .
1131 4505 1226 4550 terrum
1253 4501 1328 4562 qrrest
1354 4495 1507 4562 quibusdem
1525 4495 1669 4546 redimitam

266 4591 289 4636 et
315 4584 500 4636 circumdatam
528 4585 651 4650 citaqulis3
679 4585 712 4634 de
741 4589 808 4634 orat.
840 4585 887 4647 ΙΙΙ,
908 4589 951 4647 11,
970 4588 1001 4635 41
1031 4602 1080 4636 vec
1099 4624 1105 4636 .
1125 4624 1131 4639 .
1151 4625 1157 4638 .
1177 4589 1251 4650 qrrecr'
1270 4593 1343 4637 entre
1360 4584 1462 4634 eredunt
1480 4581 1670 4644 ebreneetqne

267 4673 382 4724 absurda
403 4672 784 4738 (v.inid.1,25,115).—⁵⁶)
803 4671 865 4723 bell.
886 4671 955 4723 Gall.
969 4673 1006 4736 ΙΙ,
1024 4675 1065 4736 28,
1087 4679 1099 4724 1
1119 4676 1251 4725 aestuante
1269 4690 1300 4724 ec
1313 4671 1427 4736 paludes
1446 4670 1489 4736 (ef.
1505 4672 1545 4732 16,
1563 4670 1600 4734 4),
1619 4667 1668 4728 ΙΙΙ,

270 4763 310 4822 15,
324 4765 339 4812 3
353 4767 427 4811 terete
445 4760 526 4810 stabile
544 4760 657 4810 neclecta
677 4759 704 4826 (i.
718 4777 740 4810 e.
753 4760 880 4828 μαλακία)
901 4779 931 4811 nc
943 4762 1117 4828 tranquillitos
1131 4765 1224 4812 exstitit
1228 4779 1238 4823 ,·
1256 4761 1288 4822 V,
1304 4763 1343 4821 12,
1359 4763 1374 4808 6
1392 4760 1474 4809 eninri
1485 4757 1670 4822 recipiensque

270 4867 364 4911 cause,-
382 4849 427 4911 Vl,
449 4849 488 4909 15,
509 4850 523 4896 2
543 4847 671 4898 ambactos
690 4847 853 4911 clientesqree3
872 4848 933 4911 Vll,
953 4850 993 4910 45,
1013 4852 1028 4898 2
1051 4865 1171 4914 vituperant
1192 4865 1326 4900 nanterum
1347 4845 1584 4910 inrpedlrnenterum
1604 4842 1630 4907 (i.
1646 4859 1668 4890 e.

269 4935 434 5000 Lastthiere)
454 4952 486 4986 ere
503 4937 595 4985 cestria
612 4935 787 4999 candoremque
805 4935 918 4999 produci
949 4936 1054 5002 (trabem
1084 4937 1144 4998 Vll,
1171 4939 1212 4998 88,
1245 4940 1257 4985 1
1283 4937 1345 4986 baec
1369 4934 1478 4985 declime
1506 4938 1529 4983 et
1555 4931 1669 5008 doceam

272 5023 342 5072 civil.
360 5022 382 5084 1,
400 5026 442 5086 46,
462 5026 477 5074 3
496 5024 599 5074 detectis
618 5029 693 5087 atquc
711 5023 879 5086 inferioribus
897 5023 965 5074 loeta
996 5024 1099 5074 Eodem
1117 5024 1195 5074 medo
1220 5023 1391 5089 interpretari
1408 5021 1489 5070 velim
1512 5020 1538 5068 b.
1558 5017 1627 5069 Gall.
1647 5019 1668 5077 Ι,

189 5163 191 5168 ,
271 5113 311 5171 31,
333 5111 364 5158 12
382 5111 411 5158 tn
424 5125 464 5160 eor
482 5113 568 5160 cornia
581 5111 700 5174 excerpta
718 5113 893 5176 crudelesque
909 5112 983 5164 edere
1003 5113 1038 5178 (r.
1049 5111 1082 5161 de
1095 5112 1268 5176 exernplernna
1279 5110 1307 5158 vi
1320 5125 1388 5175 quae
1408 5109 1528 5158 scribunt
1545 5106 1615 5154 Don.
1635 5105 1670 5154 ad

270 5197 332 5248 Ter.
343 5194 413 5244 Eun.
426 5197 485 5257 946,
505 5195 755 5259 renaseuntur.
773 5195 829 5248 Att.
848 5198 909 5260 VII,
930 5201 969 5259 14,
988 5201 1012 5262 4,
1036 5203 1063 5247 et
1082 5197 1114 5248 de
1134 5199 1286 5249 creantibus
1305 5197 1381 5246 Caes.
1401 5196 1427 5248 b.
1446 5193 1514 5244 Gall.
1533 5191 1555 5252 Ι,
1578 5194 1619 5253 31,
1638 5195 1662 5252 2,

269 5281 330 5344 Vll,
350 5281 390 5342 71,
410 5280 448 5346 3).
1417 5298 1420 5304 ·
