3922 6084
336 443 380 511 20
453 515 455 530 Ι
846 468 1000 518 Quaestiones
1015 466 1170 518 Terentianae,
1185 465 1214 517 11,
1227 465 1246 506 6.

336 657 500 735 eunuchus,
513 657 651 743 psaltria
668 658 894 745 (citharistria)
911 658 1085 724 innotuisse
1100 659 1156 724 vix
1170 679 1300 746 possum
1313 656 1441 740 adduci,
1454 666 1490 721 ut
1504 655 1643 722 credam.
1652 658 1732 722 Astu

335 757 474 844 quidem,
487 771 522 825 ut
540 763 753 852 probabiliter
765 765 846 830 coici
859 764 943 847 lieet,
956 765 1018 828 iam
1033 764 1175 828 Naevius
1192 763 1244 828 vel
1253 762 1375 827 Pacuv.
1388 783 1452 826 non
1470 762 1570 826 semel
1582 761 1727 827 Athenas

333 865 592 950 nominaverant3
607 891 681 933 nam
701 867 885 934 fabularum
901 868 1061 956 Astioloqa
1077 877 1109 932 et
1124 867 1225 934 Astici
1239 869 1368 933 nomina
1384 891 1421 934 eo
1437 869 1598 955 pertinere
1615 866 1726 931 videu-

335 976 396 1033 tur.
414 968 544 1036 Deinde
570 975 743 1061 aequabolas
763 973 921 1039 adiectivo
945 974 1085 1037 fortasse
1109 975 1172 1036 iam
1193 973 1317 1037 Ennius
1336 995 1413 1037 usus
1436 982 1518 1056 erat,
1547 973 1663 1036 etenim
1690 973 1731 1036 ad

332 1072 461 1141 Phorm.
476 1077 540 1142 339
552 1079 653 1143 verba
679 1081 742 1144 Ten
756 1079 943 1168 asymbolum
955 1081 1059 1143 uenire
1071 1089 1194 1143 sanctam
1211 1089 1302 1164 atque
1324 1078 1470 1144 16616116
1484 1077 1615 1142 balineis
1632 1115 1664 1124 -
1681 1080 1693 1138 l
1701 1085 1733 1140 61

333 1198 416 1260 quae
440 1201 513 1266 sqq.
536 1182 685 1248 Donatus
710 1184 842 1248 adnotat
864 1185 948 1248 Haec
970 1207 1030 1248 nan
1053 1183 1094 1247 ab
1117 1183 1313 1270 Apollodoro,
1336 1183 1391 1247 sed
1414 1207 1430 1247 e
1451 1194 1536 1248 serto
1559 1185 1733 1247 satirarum

330 1283 449 1348 Ennii
468 1288 623 1353 translata
645 1299 715 1353 sant
737 1291 870 1354 anania.
894 1287 968 1358 Hoc
991 1287 1195 1369 adiectivum,
1219 1288 1277 1354 etsi
1293 1287 1324 1350 iu
1340 1287 1458 1371 verbis,
1483 1310 1566 1373 quae
1582 1289 1731 1352 Donatus

332 1388 401 1474 ipse
424 1411 466 1454 ex
489 1389 592 1455 Ennio
616 1391 732 1475 adfert,
764 1415 829 1458 non
860 1395 952 1475 inest,
984 1394 1146 1457 tamenin
1170 1393 1300 1478 16116116
1324 1392 1416 1457 huius
1440 1391 1731 1456 satiraeversibus

332 1493 492 1558 exstitisse
524 1495 612 1560 haud
642 1496 855 1584 improbabile
888 1497 936 1561 sit.
963 1495 1102 1562 Colacem
1133 1518 1229 1582 porro
1252 1496 1420 1562 Menandri
1442 1497 1505 1560 iam
1527 1495 1670 1561 Naevius
1700 1504 1732 1559 et

330 1596 462 1662 Plautus
485 1600 516 1663 in
540 1622 723 1666 sermonem
739 1602 891 1667 Latinum
915 1609 1142 1666 converterant
1159 1601 1338 1688 eodemque
1361 1598 1414 1664 ille
1437 1601 1564 1664 nomine
1588 1601 1730 1688 appella·

329 1703 395 1766 tivo
418 1704 641 1791 inscripserat;
674 1706 843 1772 Terentius
875 1715 981 1772 autem
1014 1707 1146 1792 propria
1176 1706 1269 1771 huius
1299 1707 1436 1771 nominis
1466 1707 1595 1770 notione
1622 1708 1729 1788 utitur,

331 1815 368 1870 ut
389 1807 495 1873 lusum
518 1809 692 1875 verborum
717 1811 860 1876 efficeret
881 1811 968 1877 hunc

619 1931 735 1998 Celare
758 1932 928 1998 Menandri
949 1944 1007 1998 est:
1032 1936 1064 1998 in
1087 1943 1150 1998 east
1167 1937 1336 2020 parasitus
1358 1933 1467 1998 eolaa

616 2037 658 2102 Et
679 2037 766 2102 miles
787 2037 951 2124 ploriosas.

327 2140 410 2218 Tum
428 2153 584 2241 psaltriae
599 2157 761 2234 Romanis¹
782 2169 870 2224 certe
892 2159 933 2223 ab
957 2160 1118 2225 6116187
1141 2160 1192 2226 vel
1220 2161 1278 2225 186
1299 2159 1423 2226 110111.
1446 2182 1476 2226 1.
1501 2167 1595 2223 16166
1619 2169 1727 2242 616111;

329 2266 404 2322 11111
420 2260 491 2325 Liv.
510 2261 675 2347 XXXIX,
691 2265 721 2346 d,
739 2266 758 2328 8
783 2263 823 2328 de
847 2263 894 2328 his
918 2265 1008 2329 aunis
1031 2263 1127 2327 tradit
1154 2265 1237 2330 Tunc
1258 2264 1412 2352 psaltriae
1434 2264 1729 2350 sambucistriaeque

328 2375 356 2427 et
384 2366 555 2431 conuiualia
585 2367 683 2455 [alia]
715 2369 859 2434 ludaana
890 2369 1103 2434 oblectamenta
1136 2370 1246 2434 addita
1275 2370 1384 2456 epulis.
1421 2369 1536 2454 Neque
1567 2367 1659 2433 aliter
1690 2370 1728 2433 de

326 2470 536 2536 citharistrias
555 2472 683 2536 nomine
709 2473 909 2538 sentiendum
935 2475 1004 2537 erit.
1028 2473 1179 2560 Denique
1201 2475 1407 2538 moechorum
1429 2495 1545 2537 nomen
1570 2497 1611 2537 ex
1635 2474 1727 2538 bellis

328 2572 439 2638 saltem
459 2577 508 2639 'in
539 2574 618 2640 Asia
651 2577 750 2662 gestis
785 2578 907 2644 Romae
941 2587 1052 2642 notum
1087 2577 1320 2663 vulgatumque
1353 2577 1452 2642 fuisse
1486 2579 1556 2664 quis
1591 2587 1638 2640 cst
1672 2579 1726 2662 qui

328 2679 450 2764 neget?
483 2680 522 2744 In
544 2679 629 2744 idem
654 2682 721 2745 fere
744 2691 873 2768 tempus
897 2683 1035 2747 referam
1059 2683 1300 2747 translationem
1324 2683 1457 2748 nominis
1481 2695 1643 2768 satrapea·
1670 2682 1722 2766 qui

330 2805 408 2847 usus
431 2787 503 2848 usui
527 2785 697 2874 Babylonis
723 2786 913 2852 substantivi
937 2789 1010 2874 (pro
1033 2787 1159 2850 homine
1183 2787 1336 2850 ditissimo
1361 2797 1393 2852 et
1414 2789 1552 2852 maxime
1575 2785 1721 2872 prodigo)

327 2888 358 2950 in
390 2888 529 2974 Adelph.
552 2890 616 2954 915
640 2891 817 2955 simillimus
849 2902 907 2959 est.
946 2893 1021 2956 Veri
1054 2892 1155 2956 simile
1187 2893 1280 2956 etiam
1313 2901 1362 2957 cst
1391 2895 1531 2977 cetarias,
1554 2893 1721 2956 ammissa-

328 3001 430 3072 torern,
454 2997 640 3090 stomachor„
668 3004 703 3060 ut
735 3004 842 3060 cetum
874 3005 905 3060 et
937 2997 1125 3065 commissor
1149 3006 1180 3061 et
1203 2997 1413 3080 stomachum,
1446 3006 1519 3061 ante
1543 2996 1725 3060 Terentium

330 3098 447 3160 usitata
469 3097 584 3182 fuisse,
609 3109 706 3186 atquc
729 3100 882 3166 Latinum
905 3104 1027 3167 victum
1050 3102 1081 3165 iu
1106 3102 1188 3168 Eun.
1213 3102 1274 3168 ‘257
1301 3103 1342 3166 ab
1366 3104 1428 3166 hoc
1452 3125 1522 3164 esse
1547 3108 1726 3186 spectatum

329 3203 488 3266 contendit
511 3203 667 3285 Donatus,
693 3227 765 3269 oum
789 3205 922 3270 adnotat
945 3205 1086 3282 ‘Cetaria
1111 3207 1210 3290 aare,
1229 3209 1324 3293 coqui,
1349 3205 1507 3296 fartores]
1546 3201 1725 3290 Ἃμάρτημα

329 3311 474 3373 comicum
481 3329 495 3390 ;
532 3310 565 3373 in
601 3309 740 3398 palliata
775 3334 825 3376 res
854 3312 1012 3376 Romanas
1049 3311 1203 3398 loquitar!
1249 3312 1293 3375 At
1316 3314 1437 3398 pytisso
1468 3319 1500 3374 61
1531 3313 1632 3376 riscus
1669 3331 1726 3373 suo

328 3413 397 3476 iure
429 3435 471 3476 ex
502 3411 630 3478 (116666
666 3415 822 3500 scriptore
853 3415 1028 3502 sumpsisse
1066 3414 1203 3480 videtur.
1239 3415 1359 3480 Prioris
1395 3416 1477 3480 enim
1512 3414 1603 3482 verbi
1637 3414 1725 3478 notio

328 3517 444 3581 Latine
467 3517 609 3581 breviter
629 3520 764 3605 exprimi
794 3520 905 3605 nequit
926 3541 987 3583 neo
1010 3519 1128 3583 riscum
1153 3519 1247 3605 plane
1268 3519 1353 3582 idem
1375 3542 1445 3584 esse
1477 3542 1594 3584 censeo
1626 3528 1724 3604 atque

327 3621 434 3685 Plauti
455 3621 610 3688 vidulum.
657 3622 755 3702 Quod
778 3625 926 3710 ephebum
952 3624 1035 3711 (nisi,
1070 3623 1103 3711 id
1132 3623 1219 3710 quod
1243 3624 1353 3707 crede,
1377 3634 1471 3690 antea
1493 3624 1555 3689 hoe
1578 3622 1679 3688 subet.
1708 3646 1727 3686 a

328 3725 453 3791 Naevio
476 3726 530 3791 vel
552 3724 699 3791 Plaut0⁴⁹
715 3738 762 3792 est
785 3729 989 3815 usurpatum)
1015 3727 1184 3793 Terentius
1211 3728 1381 3810 transtulit,
1408 3750 1481 3792 oum
1513 3729 1617 3792 studio
1653 3729 1721 3792 eius

331 3831 458 3895 Graeca
481 3840 631 3897 accurate
669 3831 827 3898 reddendi
859 3831 1026 3916 cohaeret,
1061 3833 1200 3897 formula
1231 3831 1359 3917 quidem
1392 3834 1438 3919 (in
1469 3832 1570 3900 Andr.
1603 3834 1659 3920 51)
1691 3855 1729 3896 en

332 3937 454 4024 ephebis
469 3939 593 4002 66666611
608 3935 898 4023 prorsusGraecae
915 3934 945 4009 ἐξ
968 3934 1087 4024 ἐφήβων
1112 3936 1220 4023 ἐξῆλθε
1237 3935 1412 4023 respondet
1435 3960 1540 4022 neque
1557 3938 1726 4024 quisquam

331 4040 509 4123 mirabitur,
527 4039 614 4126 quod
630 4040 799 4106 Terentius
817 4041 938 4106 Simoni
954 4043 1140 4107 Atheniensi
1157 4042 1219 4107 hoc
1242 4042 1352 4108 ‘filium
1370 4066 1462 4122 suum
1479 4053 1586 4128 togam
1602 4042 1725 4106 virilem

332 4147 515 4232 sumpsisse'
538 4145 679 4210 tribucre
703 4149 824 4216 veritus
848 4154 906 4210 est.
930 4143 1056 4211 Eodem
1080 4145 1279 4211 substantivo
1303 4147 1334 4212 iu
1358 4145 1442 4216 Eun.
1466 4148 1529 4214 823
1553 4169 1601 4232 66.

808 4284 879 4350 ΤΗ.
902 4285 979 4362 Quis
993 4287 1066 4373 fait
1088 4288 1210 4373 ipitar?
1231 4285 1299 4352 PY.
1324 4285 1384 4352 Iste
1409 4286 1559 4354 Chaerea.

568 4390 640 4458 TH.
663 4389 727 4466 Qui
744 4386 907 4456 Chaerea?
923 4388 991 4456 PY.
1008 4388 1069 4454 Iste
1083 4391 1241 4476 ephebus
1250 4390 1361 4476 flatel·
1377 4393 1560 4460 Phaedriae.
1653 4445 1655 4452 .

332 4509 464 4600 Pythias
488 4513 677 4579 brevissime
695 4511 872 4578 Chaeream
890 4511 1045 4576 describit
1060 4511 1301 4578 adulescentem
1324 4515 1464 4579 nondum
1487 4514 1602 4599 viginti
1624 4535 1725 4577 annos

332 4627 453 4683 natum.
470 4617 608 4704 Reliqua
625 4640 689 4683 non
704 4619 807 4702 magis
824 4639 1066 4704 surpervaoeuea
1089 4625 1164 4681 sunt
1185 4638 1287 4703 eaque
1301 4629 1430 4705 practer
1452 4620 1581 4684 nomina
1600 4620 1727 4706 parasi-

332 4733 465 4788 tastrum
489 4733 520 4789 et
539 4725 725 4812 phaleratus
748 4722 789 4788 ab
806 4721 963 4786 Cicerone
987 4731 1018 4785 et
1035 4721 1170 4786 Horatio
1195 4722 1414 4809 comprobata.
1441 4723 1484 4787 Ut
1506 4723 1607 4788 libere
1629 4723 1727 4808 igitur

332 4829 501 4894 Terentius
525 4830 659 4895 Graecis
690 4828 859 4896 vocabulis
889 4828 1050 4908 utebatur,
1089 4849 1173 4913 quae
1196 4836 1271 4892 ente
1293 4829 1393 4914 ipsius
1417 4836 1554 4892 aetatem
1579 4849 1727 4892 sermone

333 4935 450 4999 Latino
475 4935 567 5020 quasi
588 4943 721 5022 recepta
749 4936 924 5015 invenerat,
947 4934 991 4997 ita
1023 4942 1173 4996 cautum
1206 4955 1289 4996 sese
1320 4932 1536 5019 praebebat
1565 4934 1602 4997 in
1634 4933 1725 4997 aliis

433 5111 467 5179 ⁴⁹)
485 5109 600 5164 Vahlen.
620 5111 647 5161 in
665 5112 756 5163 Herm.
784 5109 837 5162 rol.
857 5108 925 5172 XV,
955 5111 1049 5174 11119
1069 5109 1222 5159 conlectura
1245 5107 1296 5160 hoc
1315 5107 1448 5162 substant.
1467 5110 1494 5158 ln
1513 5107 1613 5160 Bacch.
1632 5124 1657 5159 v.
1678 5111 1728 5160 140

335 5199 529 5250 restituendum
558 5216 617 5250 esse
642 5203 743 5252 censet.
771 5222 803 5236 ι·
833 5197 898 5248 Sero
923 5197 980 5247 vidi
1002 5198 1057 5246 iam
1081 5197 1127 5246 uni
1158 5212 1191 5246 ex
1215 5196 1326 5249 Caecilii
1349 5196 1426 5280 Stetit
1455 5196 1554 5248 fabulis
1583 5195 1729 5264 Synephebi

334 5302 433 5340 nomen
451 5287 544 5344 fuisse.
